3082 5130
231 432 233 436 ⁴
346 436 395 506 46
739 454 844 505 rame
861 453 998 503 noarera

345 608 458 729 vulgo
482 638 660 728 quatuor:
689 626 982 712 Contradiotorio,
1011 624 1212 713 Contraria,
1236 624 1393 697 Sabaon·

346 759 472 843 troria,
491 755 714 827 Sabatterna.

397 880 432 952 2.
450 878 685 975 Singularum
702 874 934 948 definitiones
953 872 1147 948 conficere.
1165 873 1208 946 V.
1222 896 1257 969 g.
1277 873 1392 965 Oppo-

346 1005 426 1076 oitio
455 1000 748 1087 Contradiotoria,
769 1010 818 1072 est
843 1001 935 1070 inter
961 998 1023 1093 (A.
1042 998 1087 1072 Ο.
1112 997 1171 1072 vel
1198 998 1241 1071 Ε.
1265 998 1294 1071 Ι.
1320 996 1393 1071 hoc

348 1126 421 1220 est)
441 1125 529 1196 duas
556 1121 778 1217 Cataporicos
796 1123 991 1217 quontitate
1010 1123 1149 1212 pariter
1169 1131 1201 1191 et
1226 1122 1394 1216 qualitate

216 1268 222 1282 ‘
342 1259 551 1344 pugnanter.
612 1245 811 1333 Contraria,
846 1250 938 1318 inter
972 1247 1033 1341 (A.
1070 1247 1113 1318 Ε.
1148 1244 1186 1318 h.
1221 1247 1271 1341 e.)
1306 1245 1393 1317 duaa

348 1372 557 1443 universales
574 1371 741 1465 qualitate
752 1379 950 1463 pugnantes
968 1369 1035 1442 &a

400 1500 434 1567 3.
463 1493 724 1591 Oppositurum
767 1493 939 1565 Canones
985 1501 1145 1589 quatuor
1186 1517 1313 1565 eruere
1357 1499 1395 1564 et

349 1618 601 1691 demonstrare
618 1616 719 1689 hunc
735 1617 774 1689 in
790 1616 954 1690 modum.

401 1742 433 1814 l.
462 1739 767 1815 contradictoriae
793 1741 837 1812 A.
856 1740 901 1812 Ο.
918 1740 977 1822 vel
1002 1738 1049 1813 Ε.
1069 1741 1099 1814 Ι.
1125 1747 1213 1813 sunt
1234 1739 1272 1812 in
1292 1739 1395 1812 nulla

346 1866 500 1940 materia
522 1865 630 1938 simul
652 1888 768 1951 verae3
795 1865 834 1938 in
859 1865 962 1938 nulla
987 1866 1095 1939 simul
1119 1866 1239 1950 falsae3
1267 1866 1332 1938 sed
1356 1866 1393 1938 in

349 2014 571 2086 quacunque
592 2013 666 2062 una
683 2013 782 2076 vera,
798 1988 890 2061 falsa
907 1990 1033 2062 altere.

191 2127 290 2241 {pppah
399 2112 472 2185 Sed
498 2111 703 2184 notandum
729 2119 798 2199 est,
823 2111 871 2183 ad
897 2112 1235 2185 contradictionem
1261 2114 1395 2210 requiri

192 2257 250 2304 aa.
292 2226 298 2239 ’
351 2244 535 2332 quatuor:
561 2258 694 2331 nempe
720 2233 822 2330 loqui
848 2235 894 2307 de
921 2235 1053 2309 eodem
1085 2236 1116 2308 1.
1142 2235 1258 2309 eodem
1282 2237 1393 2310 ruodo.

350 2368 385 2434 2.
403 2359 590 2432 secundnm
607 2360 709 2432 idem.
734 2364 767 2431 3.
786 2359 836 2430 ad
850 2360 952 2432 idern.
980 2367 1015 2432 4.
1034 2362 1071 2432 in
1089 2360 1204 2433 eodem
1222 2371 1370 2454 ternpore
1379 2393 1395 2446 ,·

351 2507 507 2581 quarum
541 2482 795 2556 conditionum
822 2483 862 2555 si·
885 2483 1041 2556 defirerit
1073 2483 1208 2580 aliqua,
1241 2493 1396 2581 possunt

349 2607 421 2680 Eat
447 2615 485 2679 et
519 2605 602 2678 Non
631 2617 681 2678 est
714 2608 809 2681 inter
840 2632 879 2680 se
904 2609 998 2681 bene
1029 2609 1235 2682 convenire.
1286 2610 1331 2682 Ε.
1360 2633 1394 2706 g.

354 2731 385 2804 1.
404 2729 570 2805 Cadaver
586 2730 745 2804 hominis
763 2741 812 2802 est
830 2740 868 2803 et
887 2757 956 2804 non
982 2744 1031 2804 eat
1048 2732 1184 2807 homo:
1212 2732 1281 2804 Eat
1299 2734 1396 2807 enirn

348 2854 461 2928 homo
487 2863 674 2941 mortuus3
702 2854 786 2927 Non
812 2866 863 2928 eat
888 2857 1002 2928 homo
1024 2858 1138 2932 vivus,
1189 2859 1224 2931 2.
1248 2857 1397 2931 Zoilus¹¹

348 2990 398 3051 est
423 2988 462 3052 et
486 3003 554 3049 non
579 2989 630 3050 eet
655 2979 776 3074 niger:
803 2977 874 3050 Est
900 2979 998 3051 enim
1025 2980 1123 3053 crine
1150 2981 1271 3068 ruber,
1292 2981 1397 3077 niger

349 3237 383 3295 of
391 3237 546 3295 subaltern
558 3238 731 3312 opposition
740 3256 789 3296 are
798 3237 865 3295 first
875 3238 963 3314 given
975 3238 1015 3314 by
1023 3237 1179 3313 Apuleiae,
1189 3238 1237 3296 De
1246 3239 1397 3316 Dogmata

349 3332 494 3399 Plutonia,
509 3331 561 3389 lib.
578 3335 604 3388 3.
627 3331 744 3408 though
764 3332 803 3390 he
825 3332 898 3391 does
919 3339 975 3391 not
994 3333 1061 3410 give
1082 3333 1107 3390 it
1125 3352 1143 3391 a
1162 3351 1261 3392 name.
1305 3334 1355 3392 He
1370 3336 1396 3392 is

349 3428 488 3487 followed
518 3429 558 3504 by
586 3428 760 3487 Marcianus
789 3429 921 3505 Capella.
975 3431 1044 3488 The
1071 3449 1161 3489 name
1189 3431 1215 3488 ia
1243 3432 1331 3508 given
1358 3431 1398 3507 by

350 3523 507 3590 Boethiua
523 3523 598 3580 Intr.
622 3523 659 3580 ad
682 3524 754 3600 Syll.
776 3543 805 3600 p.
823 3528 889 3583 566.
911 3524 972 3583 and
992 3526 1025 3583 in
1046 3526 1098 3583 the
1121 3525 1336 3602 Commentary
1358 3544 1398 3583 on

350 3621 403 3678 the
412 3620 449 3678 de
459 3620 518 3676 Int.
548 3620 616 3677 The
628 3620 750 3678 treatise
761 3621 796 3679 oi
800 3621 956 3697 Apuleius,
968 3622 995 3680 if
1002 3624 1143 3700 genuine,
1154 3624 1180 3681 is
1190 3642 1208 3681 a
1215 3623 1397 3698 production

351 3715 385 3774 of
401 3717 453 3773 the
468 3715 581 3773 second
595 3723 728 3792 canday,
744 3724 974 3795 contemporary
987 3720 1068 3787 with,
1084 3738 1119 3776 or
1132 3739 1151 3777 a
1167 3719 1246 3776 little
1259 3720 1343 3793 prior
1356 3726 1396 3784 to,

350 3813 403 3869 the
416 3811 513 3869 werke
528 3811 562 3869 of
571 3811 742 3871 Alexander
756 3813 790 3870 oi
798 3813 1005 3891 Aphrodisias.
1042 3816 1108 3873 The
1128 3816 1214 3873 three
1227 3814 1294 3872 first
1306 3814 1398 3871 kinds

351 3907 385 3965 oi
409 3908 582 3983 opposition
607 3928 657 3967 are
682 3909 779 3968 called
803 3910 842 3987 by
865 3912 931 3968 him
955 3913 1113 3979 Alterutro,
1139 3913 1314 3986 Iaooroarna
1339 3909 1399 3969 and

350 4003 496 4078 Sapparis.

390 4113 403 4136 ¹¹
423 4101 537 4168 ZoiluS,
553 4119 603 4159 see
619 4101 749 4169 Martini,
764 4101 816 4159 lib.
832 4102 881 4159 xii.
898 4121 944 4178 ep.
962 4105 1009 4160 54.
1098 4123 1103 4132 ·

472 4195 563 4255 Crine
578 4197 676 4265 ruber,
691 4198 778 4274 niger
792 4215 853 4265 ore,
869 4199 967 4257 brevis
980 4198 1067 4273 pede,
1083 4199 1200 4256 lumine
1215 4200 1316 4264 laesus,

400 4306 402 4310 ·
472 4293 549 4351 Rem
563 4312 704 4371 magnam
719 4302 855 4370 praetas,
871 4296 965 4363 Zoilo,
982 4296 1008 4362 ai
1022 4296 1122 4354 bonus
1136 4311 1178 4353 aa.
