3082 5130
417 1077 683 1176 ARTIS
757 1074 1111 1175 LOGICAE

556 1362 967 1449 RUDIMENTA.

686 1941 792 2014 CAP.
821 1941 850 2012 Ι.

514 2113 574 2186 Dc
597 2113 768 2186 Terminis
787 2112 1022 2210 Simplicitas.

202 2362 204 2364 -
307 2310 340 2405 ᾖ.
374 2309 405 2380 l.
448 2308 598 2380 Mauris
633 2307 865 2404 operationes
898 2307 937 2379 in
972 2307 1183 2381 universum
1217 2317 1293 2384 tres

245 2439 341 2505 sunt.
422 2430 453 2502 l.
498 2431 659 2526 Simplex
691 2429 946 2527 Apprelcnsio.
1024 2431 1058 2503 2.
1102 2430 1291 2506 Judicium.

243 2554 278 2626 3.
303 2554 524 2627 Discursus.

282 2759 293 2784 ⁸
314 2746 429 2807 “Sicut
449 2746 523 2804 dicit
541 2746 746 2823 Philosophus
768 2747 800 2804 in
815 2747 904 2805 tertio
925 2745 963 2806 de
977 2747 1096 2816 Anima,
1113 2748 1225 2824 duplex
1244 2757 1293 2808 cst

244 2843 379 2919 operatio
393 2843 575 2900 intellectus
619 2842 690 2901 Una
704 2841 836 2917 quidem,
852 2860 920 2917 quae
935 2842 1046 2900 dicitur
1059 2843 1291 2902 indivisibilium

243 2939 453 3014 intelligentia,
468 2956 629 3013 perquam
649 2939 765 2996 scilicet
783 2938 985 3012 apprehendit
1005 2940 1170 2996 essentiam
1189 2941 1291 2998 unius-

243 3034 388 3110 cujusque
403 3034 447 3091 rei
462 3034 494 3091 in
509 3052 541 3091 se
555 3035 631 3109 ipsa.
673 3034 742 3092 Alia
762 3040 810 3090 est
828 3034 963 3108 operatio
978 3034 1160 3100 intellectus
1177 3034 1293 3093 scilicet

243 3130 454 3205 componentis
469 3137 499 3188 et
516 3128 687 3188 dividentis.
729 3128 861 3186 Additur
880 3135 982 3185 autem
996 3134 1027 3184 et
1040 3129 1130 3185 tertia
1146 3131 1290 3203 operatio,

243 3225 358 3283 scilicet
376 3224 586 3291 ratiocinandi,
602 3223 771 3282 secundum
789 3222 871 3298 quod
885 3224 960 3280 ratio
974 3223 1112 3297 procedit
1126 3241 1143 3279 a
1156 3225 1238 3282 notis
1253 3224 1291 3284 ad

242 3321 473 3396 inquisitionem
487 3321 670 3395 ignotorum.
713 3319 834 3376 Harum
848 3326 950 3376 autern
965 3319 1176 3393 operationum
1190 3322 1291 3396 prima

243 3416 400 3474 ordinatur
414 3414 452 3472 ad
470 3413 652 3472 secundam:
678 3416 750 3490 quia
768 3433 831 3472 non
849 3421 951 3489 potest
969 3433 1036 3472 esse
1059 3418 1238 3490 compositio
1260 3426 1291 3476 et

243 3511 359 3577 divisio,
374 3511 435 3568 nisi
454 3511 639 3584 simplicium
654 3509 921 3586 apprehensorum.
965 3509 1106 3568 Secunda
1124 3529 1193 3569 vero
1214 3514 1289 3570 ordi·

241 3614 332 3667 natur
350 3607 388 3665 ad
404 3607 542 3664 tertiam:
566 3607 637 3682 quia
649 3607 790 3664 videlicet
808 3612 927 3681 oportet
945 3605 1026 3680 quod
1045 3625 1082 3663 ex
1099 3607 1199 3682 aliquo
1219 3628 1289 3669 vero

243 3703 372 3780 cognito,
388 3702 436 3760 cui
455 3702 628 3760 intellectus
650 3702 804 3768 assentiat
819 3701 1000 3776 procedatur
1020 3701 1057 3758 ad
1075 3703 1288 3762 certitudinem

242 3800 448 3874 accipiendam
460 3799 497 3856 de
512 3799 664 3874 aliquibus
679 3798 799 3875 ignotis
837 3795 916 3855 Cum
931 3805 1032 3855 autem
1043 3797 1158 3874 Logica
1172 3799 1289 3858 dicatur

241 3895 397 3952 rationalis
412 3895 546 3962 scientia,
558 3911 683 3951 necesse
699 3892 841 3967 estquod
855 3891 921 3967 ejus
937 3891 1139 3950 consideratio
1153 3887 1289 3953 versetur

242 3991 321 4048 circa
334 4008 377 4058 ea,
388 4007 455 4064 quae
469 3991 624 4064 pertinent
635 3989 673 4046 ad
687 3996 749 4046 tres
759 3988 920 4064 praedictas
933 3988 1123 4063 operationes
1135 3991 1289 4049 rationis.’'

241 4087 378 4161 Aquinas
388 4086 421 4141 in
432 4085 596 4143 Pen'herm.
608 4085 692 4142 Lect.
708 4089 733 4141 l.
765 4083 809 4142 of.
823 4084 934 4159 Opusc.
946 4084 1036 4140 xlviii,
1051 4084 1150 4141 Tract.
1163 4085 1201 4142 de
1214 4086 1286 4162 Syll.

242 4202 306 4258 cap.
324 4187 349 4239 1.
386 4182 453 4239 The
467 4200 594 4260 passage
609 4181 731 4240 elluded
746 4188 777 4239 to
791 4181 831 4258 by
841 4180 976 4256 Aquinas
991 4181 1017 4237 is
1032 4180 1080 4237 De
1094 4179 1151 4237 An.
1164 4182 1205 4238 iii,
1220 4185 1246 4239 d.
1262 4189 1286 4240 1.

242 4282 257 4351 ἡ
271 4283 318 4352 μὲν
329 4279 375 4336 οὖν
387 4287 438 4336 τῶν
447 4279 596 4353 ἀδιαιρέτων
609 4283 721 4349 νόησις
735 4281 762 4335 ἐν
771 4279 870 4336 τούτοις
880 4280 939 4352 περὶ
949 4277 965 4333 d
975 4279 1020 4332 οὐκ
1030 4279 1088 4334 ἔστι
1098 4279 1128 4332 τὸ
1137 4278 1244 4350 ψεῦδος·
1263 4282 1291 4336 ἐν

755 4404 775 4452 Β
