3082 5130
549 455 777 506 nunrusnm.
1138 432 1185 502 55

141 628 350 724 Arpcmeati
379 632 550 704 materia:
588 639 642 717 ut,
669 628 790 701 Homo
817 637 864 700 est
891 629 1032 702 animal.
1086 629 1187 724 Ergo

140 762 191 822 cst
208 755 334 824 viam

192 874 228 947 2.
252 873 449 963 Feruentis,
496 875 644 971 quando
681 872 837 947 infertur
876 881 1028 971 propter
1067 873 1188 971 ipsum

141 997 337 1094 colligendi
358 997 522 1085 modum,
548 1021 633 1095 quae
660 1004 716 1071 est
736 1000 932 1092 arpumenti
945 996 1100 1091 sorem
1133 1003 1188 1084 ut,

141 1118 180 1190 B
212 1130 262 1191 est
294 1117 342 1192 A.
395 1117 506 1192 Cest
540 1119 588 1194 B.
641 1122 742 1217 Ergo
778 1118 891 1191 Uest
924 1120 973 1192 A.
1034 1119 1190 1192 Mutstis

140 1242 306 1315 terminis
331 1248 369 1315 et
394 1251 539 1317 servate
558 1266 688 1318 eorum
714 1242 963 1340 dispositione,
988 1244 1190 1318 Materialis

141 1364 357 1462 plerumque
390 1364 494 1453 fallit,
537 1367 715 1440 Formalis
757 1381 901 1463 semper
943 1366 1107 1442 obtinet:
1152 1375 1190 1440 et

139 1486 292 1584 proinde
316 1486 399 1560 haec
423 1489 544 1562 solum
564 1488 602 1561 in
626 1489 766 1584 Logioa
791 1495 989 1585 spectatur,
1013 1489 1087 1577 ille,
1110 1498 1191 1563 ten·

139 1632 253 1704 quam
269 1609 455 1684 mutabilis
473 1618 512 1683 et
528 1611 680 1698 lubrica,
696 1611 905 1706 negligitur.

191 1731 305 1804 Hisce
322 1731 531 1818 intellectis,
549 1733 680 1830 opinor
697 1732 785 1806 satis
803 1739 972 1806 constare
986 1757 1061 1830 quo
1079 1757 1190 1809 sensu
1197 1757 1270 1807 sne.
1282 1760 1325 1809 rr.

46 1830 50 1836 .
138 1852 337 1926 definiatur
361 1852 589 1947 Sylloyc'smus
597 1883 614 1938 ;
640 1851 789 1925 *Oratio
813 1857 851 1926 in
874 1878 944 1950 qua
963 1858 1090 1945 positis
1112 1823 1346 1952 qui-doliis,

141 1976 286 2048 busdam
320 1988 423 2072 atque
457 1981 633 2064 concessis,
668 2001 801 2050 necesse
840 1989 890 2050 est
923 1979 1024 2050 aliud
1055 1984 1189 2052 evenire

135 2108 274 2190 proeter
290 2110 323 2171 et
336 2109 480 2192 propter
497 2123 538 2170 ee
555 2106 635 2194 quoe
646 2101 765 2191 posita
783 2109 863 2170 suat
881 2111 983 2195 atque
1001 2124 1172 2174 concessa.

191 2298 225 2392 ᾗ.
244 2298 278 2370 2.
307 2296 453 2372 Mense
472 2305 560 2373 suut
580 2298 658 2392 ejus
682 2297 839 2397 species3
869 2298 934 2373 sed
950 2323 1026 2373 una
1042 2307 1189 2411 tantum

140 2420 330 2516 praesentis
371 2419 551 2506 instituti3
595 2445 728 2518 nempe
769 2417 992 2515 Calepomeas
1027 2423 1187 2514 simplem,

138 2544 161 2617 i.
180 2569 211 2616 e.
239 2546 303 2641 qui
330 2552 478 2617 constat
503 2546 618 2618 tribus
637 2545 951 2643 Propositionibus
975 2546 1021 2618 de
1038 2546 1157 2619 inesse
1165 2555 1187 2620 t

139 2735 260 2810 copulat
276 2736 349 2794 istas
364 2734 599 2811 Propositiones‚
615 2742 662 2794 est
680 2735 763 2794 illius
782 2736 869 2809 quasi
888 2736 1011 2794 Forma:
1033 2737 1081 2794 Ita
1096 2738 1187 2812 plane

139 2831 172 2886 in
182 2831 452 2907 Argumentatione
464 2832 635 2891 Praemissae
647 2839 677 2891 et
688 2831 852 2890 Conclusio
866 2838 939 2892 sunt
952 2833 1035 2889 illius
1046 2833 1188 2897 Materia:

139 2923 258 2982 Illativa
276 2932 378 2983 sutem
396 2933 478 2993 note,
495 2945 563 3001 quae
583 2945 634 2985 cas
653 2927 686 2992 in
708 2924 862 3001 arguendo
885 2925 1014 3000 copulat,
1035 2932 1082 2984 est
1100 2927 1188 3000 quasi

138 3020 260 3079 Forma:
282 3040 382 3097 quare,
406 3022 432 3080 si
452 3021 518 3080 hac
539 3022 626 3089 desit,
645 3021 875 3097 Argumentatie
895 3021 982 3078 nulla
1002 3039 1069 3078 esse
1091 3020 1187 3078 dicive

138 3120 264 3192 potest.''
304 3120 383 3177 This
403 3120 587 3193 approachas
606 3137 678 3194 very
696 3117 801 3193 nearly
819 3123 851 3174 to
873 3117 979 3175 Kant’s
999 3117 1184 3175 distinction.

140 3213 185 3275 Os.
200 3214 307 3291 Logilc,
323 3213 344 3280 §.
361 3217 408 3280 24,
424 3216 472 3280 25,
488 3217 535 3281 28,
552 3216 598 3271 59.
1289 3269 1291 3272 Α

177 3309 191 3345 ‘¹
210 3309 299 3365 Arist.
314 3308 402 3365 Anal.
417 3308 465 3364 Pr.
477 3309 496 3364 i·
514 3313 539 3365 1.
553 3311 579 3380 6
595 3310 774 3382 Συλλογισμὸς
785 3308 815 3363 δέ
826 3308 884 3363 ἐστι
896 3311 977 3381 λόγος
989 3309 1017 3364 ἐν
1029 3305 1051 3383 ᾧ
1062 3307 1186 3367 τεθέντων

136 3413 213 3462 τινῶν
225 3406 313 3478 ἕτερόν
326 3427 351 3460 τι
364 3411 415 3461 τῶν
427 3405 547 3476 κειμένων
560 3407 590 3474 ἒξ
602 3406 713 3477 ἀνάγκης
726 3402 864 3473 συμβαίνει
877 3407 913 3478 τῷ
926 3408 1006 3459 ταῦτα
1019 3399 1091 3460 εἶναι.
1127 3400 1184 3461 See

138 3499 212 3565 also,
235 3498 311 3572 Top.
335 3497 354 3554 i.
383 3501 408 3556 1.
431 3500 458 3554 2.
500 3497 568 3557 The
595 3498 685 3555 letter
712 3494 871 3559 definition
898 3495 926 3552 is
952 3495 1119 3555 translated
1145 3498 1186 3574 by

139 3594 236 3652 Aulus
254 3593 381 3661 Gallina,
396 3612 441 3650 κν.
458 3595 504 3651 26.
529 3592 663 3653 “Oratio
683 3591 717 3649 in
738 3593 805 3665 qut,
821 3592 979 3649 consensis
1001 3591 1184 3667 quibusdam
1249 3611 1251 3616 ·

136 3696 168 3748 et
190 3690 351 3756 concessis,
377 3688 460 3747 aliud
484 3688 565 3763 quid,
591 3704 681 3762 quam
706 3705 774 3762 quae
796 3704 939 3748 concessa
960 3694 1039 3756 sunt,
1062 3705 1118 3763 per
1138 3707 1182 3757 es,

136 3805 205 3862 quae
219 3804 363 3846 concessa
377 3792 457 3855 sunt,
468 3786 639 3844 necessario
654 3783 836 3842 conficitur.”
877 3783 945 3841 The
958 3783 1040 3842 word
1054 3787 1184 3843 coacescis

137 3884 164 3942 is
178 3890 229 3942 toe
242 3883 374 3950 limited;
394 3883 487 3960 being
499 3883 614 3959 strictly
622 3889 690 3941 true
700 3882 773 3957 only
783 3880 818 3938 of
828 3880 880 3938 the
894 3880 1005 3958 topicel
1017 3880 1181 3956 syllogism.

138 3978 183 4038 cf.
207 3979 466 4057 Trendelenburg‚
489 3981 587 4040 Elem.
609 3979 630 4047 ᾗ.
655 3983 702 4038 21.
745 3978 796 4037 On
819 3977 872 4036 the
900 3977 1009 4054 charge
1032 3975 1066 4035 of
1084 3977 1183 4050 petitio

132 4078 275 4150 pompeii,
297 4076 473 4135 sometimes
493 4077 625 4153 brought
651 4076 770 4153 against
790 4073 842 4132 the
867 4074 1031 4150 syllogism,
1054 4089 1105 4132 see
1125 4070 1182 4146 Ap·

135 4172 256 4247 pendis,
271 4178 343 4231 note
357 4172 395 4230 D.

175 4283 187 4306 ⁶
208 4271 225 4328 i,
242 4289 266 4328 e.
283 4287 358 4346 pure
374 4268 586 4346 Gategorieals.
