3082 5130
336 442 383 515 62
731 467 835 516 assrs
853 465 989 516 noeros

334 641 452 714 missis
487 641 560 714 duo
595 648 742 713 tantum
775 640 921 713 termini
951 638 1239 712 distribuuntur:
1280 640 1380 734 Ergo

333 763 535 840 Conclusio
552 764 666 838 habet
681 772 890 837 extremum
907 787 984 836 non
1001 761 1255 836 distributum:
1280 763 1380 860 Ergo

335 912 422 962 cum
437 889 609 985 negativa
625 888 683 974 sit,
701 888 770 959 erit
788 887 899 960 etiam
915 886 1155 984 particularis.

175 1031 277 1081 narr.
286 1032 310 1082 1.
389 1013 446 1085 12.
479 1012 593 1094 Quod
626 1011 655 1084 si
690 1010 908 1084 Conclusior
940 1009 1169 1108 particularis
1211 1011 1270 1098 sit,
1304 1036 1380 1084 non

175 1096 249 1145 m
333 1159 483 1210 necesse
525 1142 582 1208 est
620 1134 892 1233 praemissarum
930 1134 1084 1206 alteram
1123 1135 1380 1230 particularem

333 1283 424 1334 csse.
475 1258 569 1332 Fieri
593 1259 691 1331 enim
712 1265 848 1356 potest,
863 1265 907 1330 ut
928 1256 1098 1330 instituto
1121 1282 1205 1331 meo
1224 1259 1381 1332 sufficiat

331 1382 594 1468 subalternam,
625 1381 774 1478 quando
804 1380 1059 1454 subalternans
1093 1381 1215 1477 potuit
1244 1380 1379 1455 inferri.

332 1507 383 1579 Et
406 1529 491 1578 cum
513 1504 586 1576 illae
610 1504 682 1576 sint
705 1503 813 1576 simul
829 1528 939 1589 verae,
955 1502 1112 1576 liberum
1131 1511 1187 1576 est
1202 1505 1379 1578 utramvis

328 1626 475 1701 inferre.
511 1628 733 1724 Quanquam
746 1627 872 1699 stricte
884 1624 1085 1722 loquendo,
1098 1625 1378 1722 Argumentatio

327 1774 405 1824 non
430 1757 486 1822 est
510 1756 706 1835 accurata;
732 1773 820 1823 nam
846 1748 1120 1846 Subalternatee
1140 1749 1275 1823 veritas
1299 1773 1376 1824 non

326 1870 537 1948 immediate
570 1871 766 1946 deducitur
799 1895 846 1946 ex
876 1871 1083 1970 praemissis,
1117 1871 1183 1944 sed
1212 1897 1259 1946 ex
1294 1873 1378 1946 sub-

328 1995 546 2070 alternante.

376 2117 586 2216 Syllogismi
618 2116 807 2214 generales
839 2117 995 2214 regulas¹
1018 2117 1275 2216 complectitur
1303 2117 1375 2191 hoc

326 2241 615 2316 Tetrastichon'.

375 2364 583 2438 Distribuas
600 2363 782 2450 medium3
809 2389 879 2438 nec
897 2371 1050 2461 quartus
1074 2364 1252 2437 terminus
1270 2365 1374 2438 adsit.

375 2489 543 2584 Utraque
560 2511 629 2560 nec
646 2486 835 2586 praemissa
851 2511 1003 2583 negans,
1019 2511 1090 2559 nec
1106 2488 1347 2585 particularis.

256 2701 258 2707 ¹
374 2616 546 2689 sectetur
561 2621 705 2712 partem
722 2611 921 2686 Conclusio
940 2613 1171 2687 deteriorem.

375 2740 426 2812 Et
443 2761 519 2811 non
534 2736 741 2823 distribuat,
757 2734 827 2809 nisi
844 2760 929 2808 cum
946 2736 1145 2832 praemissa,
1161 2743 1329 2832 negetve.

376 2961 410 3056 ᾗ.
429 2961 463 3033 4.
489 2958 678 3033 Sursnnsr
694 2981 762 3055 per
778 2958 889 3031 hasce
905 2957 1051 3054 regulas
1067 2958 1262 3054 inquirere,
1280 2967 1373 3055 quot
1427 3000 1430 3003 ·

363 3236 373 3262 ¹
394 3223 469 3282 This
482 3224 548 3282 mle
563 3223 590 3280 is
604 3222 693 3300 given
711 3220 751 3298 by
763 3219 916 3288 Aristode,
931 3226 988 3279 not
1000 3219 1073 3278 with
1091 3219 1244 3279 reference
1266 3228 1296 3280 to
1318 3222 1370 3280 the

324 3320 480 3379 subsitam
498 3318 614 3387 moods,
637 3318 694 3376 but
713 3324 745 3376 to
765 3317 817 3375 the
837 3315 919 3374 third
936 3316 1041 3392 figure,
1057 3317 1090 3374 in
1112 3317 1211 3375 which
1230 3324 1287 3377 two
1306 3319 1370 3375 uni·

323 3415 421 3474 versel
443 3415 592 3490 promises
619 3412 692 3488 only
710 3418 841 3470 nument
864 3430 882 3468 a
907 3411 1070 3486 particular
1097 3413 1280 3471 conclusion.
1322 3411 1371 3470 An

323 3512 443 3569 inverse
469 3511 536 3566 rule
563 3506 600 3566 of
622 3507 776 3566 inference
803 3506 894 3565 holds
914 3507 987 3564 with
1015 3507 1123 3584 regard
1143 3516 1175 3566 to
1203 3509 1288 3566 truth
1310 3507 1372 3566 and

323 3603 498 3664 falsehood:
521 3610 580 3671 two
592 3609 660 3660 true
681 3602 831 3678 premises
850 3603 1032 3662 necessitate
1052 3622 1070 3663 a
1088 3611 1156 3664 true
1178 3606 1370 3671 conclusion;

323 3701 380 3760 but
400 3702 453 3759 the
472 3699 558 3758 truth
576 3697 610 3756 of
626 3698 679 3757 the
702 3697 880 3756 conclusion
902 3698 975 3758 does
994 3707 1051 3758 not
1070 3708 1234 3778 guarentee
1255 3701 1323 3759 that
1340 3699 1375 3758 of

323 3799 376 3857 the
389 3795 546 3874 promises.
583 3793 700 3855 ctsn.
716 3794 764 3853 Pr.
780 3795 810 3876 ii.
827 3797 854 3854 2.
871 3800 897 3851 1.

361 3906 372 3930 ¹
393 3894 459 3952 The
485 3891 606 3950 earliest
628 3889 708 3949 form
733 3889 767 3948 of
787 3889 849 3948 this
873 3890 1048 3949 mnemonic
1076 3892 1103 3950 is
1128 3892 1195 3950 that
1218 3893 1307 3970 given
1331 3891 1372 3968 by

323 3989 432 4050 Petrus
446 3988 622 4063 Hispanus:
935 3992 936 3996 ’

443 4084 584 4144 Partibus
599 4102 635 4141 ex
648 4083 733 4158 puris
748 4083 885 4158 sequitur
897 4082 951 4150 nil,
967 4082 1029 4140 sive
1043 4083 1170 4160 negatis.

443 4181 478 4241 Si
492 4199 551 4258 que
563 4180 653 4257 proeit
665 4180 769 4256 partis,
786 4180 924 4256 sequitur
938 4179 1092 4238 conclusio
1105 4179 1210 4256 partis.

444 4276 479 4337 Si
493 4294 553 4354 qua
565 4283 675 4353 negata
685 4275 784 4353 praeit,
800 4274 953 4334 conclusio
968 4274 1067 4351 sitque
1081 4281 1199 4350 negata.

442 4372 507 4432 Lex
520 4371 671 4450 generalis
684 4370 750 4440 erit,
765 4370 902 4430 medium
917 4368 1096 4429 concludere
1110 4369 1216 4430 nescit.
