3082 5130
322 450 392 523 106
712 471 816 520 sarrs
835 467 972 519 merca

317 675 389 747 que
407 650 597 746 dignitate,
614 654 796 745 praestat⁰.
854 645 952 717 Valet
977 642 1250 715 Demonstratio
1275 642 1365 715 obli·

316 798 407 870 qua;
435 773 566 844 Potens
584 779 640 844 est
658 769 833 866 quaelibet
852 768 1020 852 Direeta3
1047 765 1173 838 Potior
1191 791 1276 862 quae
1298 791 1365 863 per

317 921 465 970 causam
498 896 717 993 proximam,
751 893 940 964 Potissima
980 915 1064 985 quae
1103 915 1170 987 per
1207 890 1365 987 primam

279 1081 286 1094 .
316 1021 555 1094 demonstrat.
620 1017 744 1114 Hujus
782 1024 838 1088 est
879 1014 1029 1111 vulgata
1069 1014 1132 1087 illa
1175 1014 1364 1100 Definitio,

207 1147 213 1160 '
242 1147 248 1159 '
317 1145 545 1239 Syiioyismus
563 1153 722 1214 constans
745 1142 845 1225 reris,
858 1141 998 1231 primis,
1015 1141 1234 1224 immediatis,
1252 1142 1363 1210 aetio-

316 1266 424 1353 ribus,
453 1266 645 1358 prioribus,
681 1275 713 1337 ei
748 1266 861 1335 causis
898 1262 1164 1334 cenomaniae.
1227 1264 1364 1334 Exem-

316 1390 431 1488 plum,
461 1390 530 1462 nisi
558 1390 653 1462 forte
688 1388 786 1486 apud
821 1385 1117 1473 MathematicOS,
1145 1411 1192 1458 an
1221 1387 1365 1484 uspiam

318 1524 487 1588 occurrat
504 1514 639 1587 nescio.

328 1818 330 1823 '
357 1823 369 1846 ⁰
390 1811 457 1867 The
472 1808 626 1884 following
639 1809 719 1865 table
734 1826 804 1882 may
818 1806 909 1863 assist
922 1806 974 1862 the
987 1806 1114 1863 ieamer.

762 1953 950 2001 Demonstratio

485 2099 558 2229 Quo?
569 2100 602 2149 sit
849 2015 854 2082 Ι
1016 2100 1192 2228 Propter'quid
1204 2101 1237 2149 sit

378 2244 487 2305 Obliqua
615 2231 719 2293 Ma
879 2233 1087 2293 misam
1200 2245 1337 2295 Potissima

318 2324 364 2370 per
373 2308 549 2357 deductionem
901 2324 947 2370 per
957 2324 1058 2357 causam
1185 2325 1232 2372 per
1243 2326 1344 2360 eausam

335 2374 367 2422 ad
378 2373 534 2435 impossibile
873 2373 1014 2436 proximam
1036 2388 1092 2434 quae
1174 2375 1316 2436 proximam
1327 2381 1354 2425 et

888 2453 940 2486 non
951 2443 991 2486 est
999 2438 1082 2500 prima
1205 2440 1314 2501 primam

481 2532 526 2579 per
537 2518 655 2566 effectum
686 2533 733 2579 per
743 2533 845 2568 eausam
938 2545 940 2548 >

707 2588 830 2631 remotam

348 2701 372 2758 Ῥ
393 2712 470 2768 This
486 2709 685 2767 definitionis
707 2711 873 2769 translated
887 2710 964 2768 from
980 2712 1132 2771 Aristotle.
1174 2715 1321 2788 Ἀπόδειξιν
1338 2720 1367 2775 δὲ

318 2811 388 2883 λέγω
402 2811 584 2882 συλλογισμὸν
600 2809 803 2880 ἐπιστημονικόν.
843 2809 1058 2881 Ἐπιστημονικὸν
1075 2813 1104 2866 δὲ
1119 2810 1189 2885 λέγω
1208 2811 1263 2868 καθ’
1283 2812 1312 2868 ὃν
1331 2817 1368 2888 τῷ

319 2908 389 2978 ἔχειν
413 2906 491 2960 αὐτὸν
516 2905 685 2975 ἐπιστάμεθα.
726 2906 758 2959 Ei
777 2905 862 2960 τοίνυν
884 2906 941 2960 ἐστὶ
962 2907 992 2960 τὸ
1014 2907 1172 2962 ἐπίστασθαι
1195 2903 1249 2962 οἷον
1268 2909 1366 2979 ἔθεμεν,

317 3003 413 3075 ἀνάγκη
434 3001 475 3056 καὶ
494 3001 540 3072 τὴν
559 3001 735 3071 ἀποδεικτικὴν
750 3001 893 3073 ἐπιστήμην
912 3002 942 3070 ἐξ
961 3003 1064 3072 ἀληθῶν
1081 3002 1104 3057 τ’
1118 2999 1182 3059 εἶναι
1201 3003 1243 3058 καὶ
1259 3008 1368 3077 πρώτων

319 3097 360 3153 καὶ
370 3098 474 3169 ἀμέσων
483 3096 524 3152 καὶ
534 3095 734 3171 γνωριμωτέρων
744 3099 785 3152 καὶ
794 3097 926 3171 προτέρων
935 3095 975 3151 καὶ
986 3096 1073 3150 αἰτίων
1082 3101 1128 3152 τοῦ
1139 3101 1365 3171 συμπεράσματος.

319 3191 406 3249 Anal.
423 3191 503 3249 Post.
519 3192 538 3248 i.
555 3194 582 3248 2.
599 3193 625 3248 2.
670 3190 727 3249 See
742 3191 866 3259 further,
881 3191 1050 3266 Appenfflx,
1066 3199 1138 3250 note
1152 3192 1193 3249 H.
