3082 5130
669 472 773 521 ARTIS
791 471 927 520 LOGICAE

704 865 811 938 CAP.
839 864 890 936 II.

467 1037 525 1108 De
543 1035 783 1128 Propositioae
803 1033 1007 1128 Cataporioa
1024 1058 1126 1126 paru.

329 1254 360 1344 t.
382 1251 414 1323 1.
441 1251 614 1322 Saouwna
632 1249 721 1320 Pars
739 1247 887 1344 Logicae
905 1247 979 1344 agit
997 1246 1042 1320 de
1059 1245 1321 1339 Propositiooe‘

277 1373 351 1446 sive
369 1371 646 1456 anotiatione;
673 1370 774 1467 quod
799 1378 855 1443 est
876 1370 1021 1466 signum
1044 1369 1216 1443 secundae
1235 1394 1322 1466 ope-

276 1496 428 1570 rationis
455 1495 683 1582 IntellectuS,
708 1495 783 1568 sive
809 1493 995 1567 Judicium
1026 1493 1144 1566 verbis
1174 1516 1322 1591 expres·

276 1646 369 1694 sum.

327 1745 463 1829 Quare,
481 1742 528 1814 ad
545 1743 836 1839 Propositionem
852 1742 1051 1838 legitimam
1069 1742 1274 1839 requiritur.

116 1894 267 1943 nensis.
329 1869 361 1941 1.
388 1865 522 1948 Quoad
553 1890 695 1953 vocem,
721 1875 764 1939 ut
794 1866 841 1939 sit
876 1865 998 1940 Oratio
1032 1865 1235 1963 αβῐννηαπεδ
1268 1866 1323 1936 vel

275 2016 416 2087 nepam,
433 2016 518 2088 quae
536 1998 592 2063 est
609 1988 688 2086 ejus
705 1993 862 2062 essentia.

116 2137 265 2188 nenton.
326 2116 361 2186 2„
389 2114 524 2194 Quoad
541 2137 701 2199 sensum,
717 2119 760 2184 ut
784 2136 901 2184 verum
918 2115 973 2184 vel
981 2111 1121 2209 sotrum
1137 2112 1322 2208 sippifioet,

277 2237 332 2332 (id
350 2237 426 2309 scil.
445 2236 547 2333 quod
563 2259 622 2308 res
640 2242 708 2321 est,
725 2235 784 2307 vel
801 2259 919 2322 secus,
937 2235 1063 2330 dicat)
1082 2236 1183 2332 quod
1200 2261 1322 2311 essen-

317 2488 328 2512 ·
340 2485 356 2507 “
365 2475 426 2532 Sed
435 2493 504 2532 oum
514 2475 698 2533 disseramus
708 2474 745 2533 de
756 2475 908 2542 Oratione,
919 2475 1004 2553 eujus
1013 2476 1101 2533 variae
1112 2474 1227 2550 speeies
1239 2482 1318 2542 sunt,

281 2616 353 2630 ......
358 2579 405 2629 est
421 2590 483 2628 una
502 2572 581 2629 inter
597 2572 653 2629 has
668 2571 706 2628 ad
722 2571 912 2646 propositum
925 2572 1092 2646 potissima,
1108 2589 1175 2646 qnoe
1188 2589 1320 2645 pronun·

277 2669 394 2726 oiabilis
405 2668 581 2743 appellatur,
594 2669 764 2726 absolutam
776 2669 958 2726 sententiam
973 2668 1242 2743 comprehendens,
1255 2667 1321 2725 sola

277 2781 312 2819 ex
334 2763 476 2819 omnibus
492 2764 609 2821 veritati
626 2770 660 2820 ut
680 2763 803 2820 falsitati
825 2763 970 2821 obnoxia:
993 2783 1084 2839 quarn
1096 2772 1182 2822 vocat
1196 2763 1321 2840 Sergius

276 2859 398 2934 effatam,
420 2858 513 2916 Varro
530 2861 715 2934 proloquium,
740 2858 844 2916 Cicero
865 2861 1050 2927 mansiolam,
1073 2860 1173 2919 Graeci
1192 2863 1322 2934 protasia

276 2963 342 3012 turn
354 2957 482 3022 axioma·
486 3000 559 3014 ......
563 2956 740 3015 familiarius
749 2963 852 3013 tamen
861 2956 977 3013 dicetur
982 2959 1160 3031 propositio.”
1173 2958 1321 3033 Apuleius

276 3050 314 3107 de
325 3049 435 3128 Dogm.
448 3051 592 3119 Platonis,
604 3052 655 3109 lib.
667 3052 709 3111 iii.
745 3050 796 3108 He
810 3050 866 3107 has
879 3058 935 3108 not
947 3051 1171 3129 distinguished
1185 3053 1322 3111 between

276 3150 426 3222 ἀπόφανσις
447 3148 507 3206 and
526 3151 755 3225 optionis—the
776 3147 888 3206 former
901 3147 936 3206 of
952 3150 1050 3206 which
1070 3151 1095 3208 is
1114 3151 1263 3209 rendered
1282 3152 1322 3228 by

276 3242 423 3301 Boethius
438 3247 604 3311 monetario,
620 3245 672 3302 the
685 3245 776 3303 latter
784 3245 944 3318 propositio.
987 3243 1045 3302 See
1059 3246 1320 3324 Trendelenbnrg,

275 3338 374 3395 Elem.
389 3338 410 3405 i.
427 3343 453 3397 2.
497 3341 689 3415 “'Arrdparon
705 3360 800 3415 quum
818 3341 855 3398 od
875 3339 1084 3417 syllogismum
1098 3343 1321 3404 instituendum

276 3442 421 3508 tanquam
434 3435 600 3509 propositio
615 3453 683 3509 quae
697 3443 819 3494 vocatur
832 3436 990 3511 praemissa
1011 3437 1179 3506 adhibetur,
1194 3446 1321 3514 optram

276 3528 411 3585 dieitu1·.”
451 3528 521 3585 And
549 3547 582 3586 so
604 3530 748 3604 Aquinas,
771 3532 881 3606 Opuse.
903 3533 994 3590 xlviii.
1017 3536 1115 3592 Traot.
1141 3534 1179 3592 de
1200 3535 1319 3592 Enune.

276 3642 339 3698 eap.
365 3628 390 3680 1.
414 3624 612 3699 “Propositio
634 3645 705 3683 narn
727 3628 826 3685 solum
848 3628 958 3687 dieitur
977 3630 1015 3688 de
1035 3631 1202 3707 praemissis
1223 3631 1321 3704 ipsius

276 3720 453 3796 syllogismi,
476 3720 530 3778 sed
556 3723 728 3781 enunciatio
749 3730 812 3782 tarn
834 3724 871 3782 de
891 3726 1059 3801 praemissis
1081 3726 1228 3802 quamde
1253 3744 1321 3783 eon-

276 3817 438 3874 clusione.”
480 3817 546 3874 The
568 3817 753 3887 distinction,
774 3821 919 3889 however,
942 3824 968 3881 is
993 3832 1049 3881 not
1069 3823 1195 3898 implied
1215 3824 1248 3879 in
1269 3823 1322 3880 the

277 3910 452 3970 definitions
474 3911 508 3969 os
525 3913 576 3971 the
598 3920 655 3971 two
677 3915 716 3991 by
737 3916 888 3984 Aristode,
912 3917 949 3975 de
971 3919 1031 3975 Int.
1055 3922 1081 3977 5.
1105 3922 1131 3976 5.
1154 3918 1214 3976 and
1232 3918 1320 3977 Anal.

277 4006 324 4063 Pr.
343 4007 361 4063 i.
380 4012 404 4064 l.
421 4012 448 4065 2.

316 4103 328 4138 l
351 4104 449 4161 Oratio
470 4107 624 4181 affirmaris,
645 4111 944 4183 sarapion—oppam,
966 4111 1109 4184 ἀπόφασις·
1150 4110 1250 4168 These
1271 4128 1321 4167 are

277 4199 407 4275 literally
420 4200 570 4258 rendered
589 4200 629 4276 by
642 4199 799 4274 Apuleius,
814 4203 974 4278 Propositio
996 4206 1152 4262 dedicativo
1173 4205 1322 4263 audaldi

276 4299 376 4355 votivo.
