3082 5130
678 467 873 516 neronom.
1230 447 1297 520 135

252 667 287 711 es
294 671 308 726 ;
334 639 416 736 Epo
432 666 508 713 soro
526 642 646 729 Immo,-
673 647 773 740 Ergo
798 645 851 715 To
868 669 935 714 non
958 667 1003 716 es.
1054 645 1122 718 Vel
1140 644 1297 742 denique

252 774 294 837 ut
313 764 548 862 Chrysippus.
602 765 673 851 Qut
698 777 748 836 est
771 766 943 860 Meporm,
962 790 1030 837 non
1055 780 1105 840 est
1122 767 1272 841 Athenis
1282 799 1297 855 ;

252 885 374 958 Homo
391 900 440 959 est
457 887 640 983 Mepom's;
668 891 767 985 Ergo
785 889 903 960 Homo
921 914 988 960 non
1006 900 1055 961 est
1071 890 1229 964 Athenis.

304 1008 458 1106 Subjioit
493 1012 704 1084 Gassendus
739 1022 797 1084 ex·
816 1011 976 1099 Laertio,
1007 1013 1073 1086 has
1104 1013 1299 1114 Chrysippi

253 1133 553 1228 Rogatiunoulas.
609 1135 640 1206 1.
667 1135 741 1214 Qui
767 1159 842 1207 non
867 1135 1016 1207 initiatis
1041 1136 1179 1210 indicat
1201 1164 1300 1236 mys·

250 1257 353 1344 teria,
382 1257 492 1355 impie
526 1257 611 1354 agit.
665 1257 738 1331 Sed
772 1259 843 1331 hoc
878 1257 964 1331 facit
1000 1258 1297 1358 Hierophantes;

250 1379 352 1473 Enyo
376 1379 493 1477 impie
519 1381 605 1476 agit.
658 1383 692 1454 2.
720 1383 788 1455 Est
807 1382 993 1479 quoddam
1021 1393 1149 1481 caput3
1178 1383 1221 1457 Id
1240 1387 1299 1458 Tu

250 1528 327 1577 non
349 1506 485 1589 habes‚·
510 1504 613 1598 Erpo
640 1505 762 1604 Caput
788 1531 863 1579 non
889 1507 1012 1579 habes.
1065 1509 1099 1579 3.
1126 1507 1171 1580 ld
1197 1510 1299 1605 quod

249 1628 411 1724 loqueris
436 1652 483 1700 ex
510 1652 573 1700 ore
600 1637 666 1701 tuo
698 1629 901 1725 egreditur:
931 1630 1089 1702 Currum
1117 1630 1295 1727 loqueris3

249 1749 350 1845 Erpo
369 1751 506 1824 Currus
524 1775 571 1823 ex
589 1775 652 1823 ore
670 1760 736 1823 tuo
755 1752 949 1848 egreditur.

302 1999 335 2092 ᾗ.
357 1999 413 2071 10.
442 1999 529 2072 ΝοΝ
552 2008 820 2097 temperaturos
847 2002 912 2074 sibi
937 2003 1098 2076 Juvenes
1117 2005 1203 2077 satis
1220 2006 1296 2078 scio

250 2124 337 2218 quin
357 2123 532 2196 dissiliant
549 2125 635 2208 risu,
647 2125 709 2197 uhi
727 2126 807 2198 haec
827 2136 903 2198 tam
914 2126 1032 2199 futilia
1048 2127 1297 2201 intellexerint

248 2272 270 2316 a
287 2247 505 2340 gravissimis
531 2247 762 2344 Philosophis
785 2249 878 2320 serio
897 2249 1006 2327 suisse
1024 2251 1231 2346 proposita;
1259 2261 1296 2324 et

247 2370 440 2442 Veteribus
466 2370 557 2442 adeo
584 2370 744 2443 difficilia
769 2372 906 2456 haberi,
934 2382 977 2445 ut
1007 2373 1168 2447 Philetas
1194 2376 1295 2448 Cous

245 2502 453 2590 praeoeptor
476 2492 670 2566 Ptolemaei
696 2495 925 2591 Philadelphi
952 2496 1063 2569 solius
1090 2495 1295 2569 Mentieotis

246 2616 451 2712 explicandi
487 2616 608 2689 studio
644 2616 833 2690 confectus
867 2619 1056 2703 interierit.
1116 2620 1294 2699 Quamvis

245 2750 370 2812 autem
393 2741 598 2814 Aristotelis
621 2742 813 2829 beneficio,
832 2743 1025 2816 videantur
1046 2745 1117 2816 ista
1141 2753 1184 2816 ut
1207 2754 1294 2819 sunt

244 2863 349 2952 levia,
371 2865 410 2936 in
433 2865 476 2936 iis
501 2874 626 2937 tamen
651 2874 822 2963 prompte
853 2877 965 2963 atque
996 2867 1191 2940 artificiose
1221 2869 1293 2942 sol-

244 2987 370 3059 vendis
404 3011 480 3060 non
514 2988 691 3060 inutiliter
725 3012 804 3061 sese
846 2990 868 3060 J
873 3014 1009 3061 uvenes
1044 2991 1289 3064 exercebunt:

242 3134 330 3183 narn
363 3113 401 3184 in
435 3111 654 3206 gravissimis
690 3111 1017 3206 Disputationibus,
1046 3112 1127 3184 haec
1162 3113 1291 3187 eodem

242 3243 391 3307 recocta
432 3235 551 3306 Novae
592 3234 796 3331 praesertim
840 3234 1086 3330 Philosophiae
1130 3237 1290 3312 cultores

244 3357 440 3452 saepissime
457 3364 654 3453 reponunt.

293 3481 336 3553 V.
354 3503 388 3576 g.
427 3481 628 3555 Gessemlos
653 3483 820 3555 Vacuum
856 3486 956 3580 quod
990 3486 1151 3582 appellat
1184 3489 1290 3561 elisse-

243 3606 411 3678 miootnm
433 3606 565 3679 eodem
581 3605 656 3679 fere
684 3608 916 3706 Sophismate
940 3611 1190 3686 demonstrare
1208 3638 1289 3709 per-

241 3731 370 3817 tendit,
404 3756 479 3827 quo
515 3731 601 3803 olim
636 3733 740 3805 Zeno
775 3747 899 3808 contro
932 3749 1061 3808 motum
1095 3737 1286 3810 utebatur:

242 3853 427 3948 Suamque
445 3854 608 3928 Hobbiees
625 3855 670 3927 de
685 3857 905 3930 Necessitate
923 3860 1143 3933 sententiam
1160 3860 1287 3932 iisdem

241 3985 451 4073 propugnat
477 3975 642 4051 Fallaciis
669 3981 801 4076 quibus
828 3983 959 4055 Fatum
984 3984 1115 4056 Stoici:
1143 3983 1286 4079 aliaque
1400 4068 1412 4081 Φ

103 4104 105 4112 ’
239 4098 396 4197 plurima
407 4099 518 4195 hujus
529 4102 684 4196 generis
696 4127 780 4198 quae
792 4113 879 4175 sunt
892 4105 1008 4177 Nobis
1019 4107 1286 4203 praetereundo,

241 4223 411 4296 studiosis
428 4223 523 4296 inter
539 4224 736 4320 legendum
755 4237 961 4303 occurrent.
