3082 5130
659 449 888 500 RUDIMENTA.

351 626 427 700 bAr
489 627 608 699 Omne
685 625 720 696 A
797 633 852 697 est
928 623 961 694 Β

375 753 432 825 Olc
484 751 645 847 Aliquod
688 749 820 823 Onon
840 758 895 822 est
924 748 980 821 B:
1007 750 1113 846 Ergo

375 876 408 947 Ο
476 874 640 971 Aliquod
684 873 818 946 Cnon
836 881 891 946 est
921 874 967 945 A.

746 1072 793 1144 ad

348 1272 425 1344 aar
484 1273 603 1345 Omne
682 1271 716 1341 A
791 1280 847 1344 est
923 1270 956 1341 B

348 1394 404 1466 bA
482 1396 602 1468 Omne
679 1393 709 1466 C
787 1402 842 1466 est
918 1394 974 1467 A:
1002 1394 1108 1490 Ergo

347 1518 404 1591 rA
482 1519 602 1591 Omne
681 1518 711 1590 C
789 1527 845 1591 est
920 1518 980 1592 B!

298 1869 331 1963 §.
344 1867 377 1942 7.
400 1869 653 1940 Rnnuerrours
671 1865 866 1938 ostensivae
880 1863 1046 1939 validitas
1063 1864 1114 1937 sic
1133 1866 1292 1938 ostendi-

245 2000 316 2065 tur.
367 1992 429 2064 Ex
456 1991 652 2090 praemissis
682 1990 893 2077 reducendi,
918 2013 985 2087 per
1014 1990 1290 2063 conversionem

244 2115 473 2214 imperatam,
507 2116 713 2190 necessario
749 2115 971 2211 colliguntur
1005 2115 1201 2211 praemissae
1236 2140 1292 2188 re-

245 2239 364 2313 ducti:
392 2247 504 2336 atque
522 2264 569 2313 ex
586 2240 640 2326 iis,
657 2264 723 2337 per
744 2239 901 2335 figuram
918 2239 1086 2335 primam,
1103 2239 1290 2312 conclusio

244 2363 405 2437 reducti:
434 2388 517 2460 quae
535 2364 594 2437 vel
610 2364 689 2460 ipsa
706 2362 894 2435 conclusio
918 2362 1118 2436 reducendi
1135 2363 1215 2450 erit,
1232 2364 1291 2437 vel

243 2510 308 2584 per
324 2487 500 2561 illativam
518 2488 795 2561 conversionem
812 2487 887 2560 fiet.

294 2611 534 2684 Reductionis
559 2635 625 2708 per
652 2610 880 2707 Impossibile
904 2611 1070 2684 validitas
1093 2611 1143 2684 sic
1169 2620 1291 2685 osten-

243 2732 351 2806 ditur.
410 2733 596 2813 Quoniam
637 2734 835 2830 praemissae
878 2759 925 2806 ex
967 2735 1162 2831 hypothesi
1204 2744 1291 2808 sunt

243 2881 388 2954 semper
412 2881 522 2946 verae,
550 2881 638 2953 ergo
665 2857 948 2930 contradictoria
973 2859 1171 2954 praemissae
1196 2883 1291 2930 nun-

243 3005 356 3077 quam
381 3004 485 3053 vera:
512 3005 600 3077 ergo
627 2979 912 3052 contradictoria
932 2980 1177 3052 conclusionis
1194 3004 1288 3052 nun·

243 3128 355 3200 quam
380 3113 487 3176 veral
499 3130 507 3176 :
536 3103 640 3198 (nam
665 3102 732 3174 has
762 3102 870 3174 simul
899 3126 1003 3174 veras
1033 3125 1111 3173 esse
1138 3101 1289 3174 demon·

282 3407 504 3483 fArchbishop
531 3408 672 3486 Whately
698 3411 780 3486 gives
809 3429 848 3467 an
883 3411 1034 3468 ostensive
1062 3410 1222 3469 seduction
1257 3412 1292 3470 of

242 3506 362 3565 Baroko
385 3505 445 3563 and
464 3506 604 3565 Bokardo
626 3514 657 3565 to
679 3509 768 3566 Ferio
785 3508 846 3566 and
866 3508 960 3577 Darii,
981 3510 1022 3586 by
1040 3511 1216 3588 convorting
1236 3512 1288 3570 the

241 3604 339 3681 major
351 3604 483 3679 premise
497 3605 537 3682 by
551 3591 798 3680 contraposition.
834 3605 937 3682 Logic,
952 3607 981 3663 b.
996 3607 1026 3663 ii.
1044 3624 1067 3663 c.
1084 3610 1111 3664 3.
1126 3607 1147 3674 ἓ,
1165 3610 1190 3664 t.

280 3714 292 3748 Β
313 3702 403 3761 Since
418 3721 436 3761 a
449 3702 524 3761 false
538 3703 717 3760 conclusion
731 3709 843 3759 cannot
857 3703 894 3760 be
912 3702 1014 3760 drawn
1028 3704 1155 3761 without
1169 3711 1200 3762 at
1212 3705 1290 3762 least

241 3816 299 3856 one
320 3798 395 3857 false
415 3800 557 3875 premise,
573 3817 624 3857 see
645 3798 702 3855 An.
722 3799 769 3855 Pr.
790 3799 820 3855 ii.
841 3802 868 3856 2.
888 3805 912 3856 1.
955 3799 1018 3856 But
1038 3800 1072 3856 in
1093 3801 1145 3857 the
1165 3809 1291 3876 present

241 3894 407 3968 syllogism,
420 3912 478 3952 one
492 3894 625 3969 premise
640 3894 666 3951 is
681 3893 769 3970 given
781 3900 856 3961 true,
869 3895 962 3971 being
976 3913 1034 3952 one
1049 3894 1083 3951 of
1093 3896 1181 3953 those
1193 3895 1227 3953 of
1236 3897 1289 3954 the

240 3990 370 4066 original
385 3991 559 4067 syllogism
582 3992 634 4048 the
652 3992 747 4058 other,
763 3991 921 4059 therefore,
937 3993 963 4048 is
978 3992 1062 4059 false,
1077 3994 1176 4051 which
1191 3995 1216 4050 is
1236 3995 1288 4051 the

240 4085 462 4160 contradictory
483 4085 517 4142 of
534 4087 586 4144 the
607 4088 736 4163 original
756 4088 941 4145 conclusion.
984 4089 1051 4145 The
1072 4090 1228 4165 syllogism
1250 4091 1288 4145 cd

240 4183 404 4255 impossibile
418 4181 479 4238 will
495 4188 551 4238 not
569 4183 677 4258 always
696 4183 734 4240 be
756 4184 788 4239 in
802 4183 937 4242 Barbara
945 4204 952 4250 ;
983 4184 1100 4260 though
1114 4186 1139 4242 it
1158 4186 1184 4242 is
1199 4203 1232 4242 so
1254 4186 1287 4240 in

240 4279 293 4336 the
307 4277 465 4336 reduction
479 4277 514 4336 of
524 4278 643 4336 Buroko
658 4279 719 4338 und
734 4279 882 4345 Bokardo.
