3082 5130
568 489 798 539 numnunrn.
1160 465 1206 541 97
1230 450 1254 529 '-

158 684 200 734 ac
236 663 435 761 percipitur
469 688 659 737 assensum
693 664 871 761 imperat;
908 673 962 749 ut,
994 665 1120 737 Totum
1154 677 1206 738 est

158 787 272 881 majus
300 811 365 859 sno
387 800 519 884 parte:
562 787 697 874 Dubia,
724 787 762 859 in
794 811 867 883 qua
894 788 1090 873 haeremuS,
1119 810 1205 889 cum

156 907 252 983 illius
273 935 357 1007 pars
380 918 537 1007 utraque
555 911 661 984 valde
685 936 723 983 se
745 912 876 1009 probet
898 911 1099 985 intellectui
1112 919 1203 998 ;-ut,

156 1031 273 1107 Astra
284 1047 413 1133 regunt
425 1037 599 1120 hominem
625 1060 712 1108 narn
730 1043 767 1108 et
783 1060 909 1132 regere
927 1044 965 1108 et
982 1059 1058 1108 non
1075 1060 1202 1131 regere

155 1156 336 1231 videntur.

213 1281 405 1355 Dubitanti
439 1283 557 1378 siquid
591 1283 690 1356 aliud
721 1291 902 1370 occurrat,
931 1307 1007 1379 quo
1036 1283 1202 1380 pendens

154 1405 296 1478 animus
330 1407 368 1479 in
403 1408 616 1480 alterutram
649 1415 792 1505 partem
827 1406 1065 1505 propendeat,
1101 1408 1201 1504 quod

153 1538 232 1602 erat
249 1530 411 1604 Dubium
433 1531 476 1604 fit
493 1529 714 1605 Probabilel.
767 1533 817 1604 Et
840 1539 974 1628 potest,
993 1533 1094 1628 quod
1116 1519 1361 1629 pro-mpura.

151 1653 273 1741 batur,
293 1655 419 1728 Verum
443 1680 535 1743 esse,
556 1655 621 1728 sed
641 1655 812 1753 probanti
835 1663 981 1727 tantum
1006 1656 1201 1730 Verisimile

124 1772 126 1776 ⁴
152 1785 219 1850 est.
272 1778 401 1850 Multis
424 1778 661 1850 nihilominus
684 1777 903 1849 assentimur
926 1777 997 1849 isto
1020 1779 1144 1864 modo,
1163 1787 1201 1851 et

152 1901 315 1973 assensui
332 1926 469 1974 nomen
488 1910 544 1974 est
565 1901 704 1997 Opinio.

202 2025 271 2096 Est
287 2024 398 2120 igitur
412 2024 540 2121 Opinio
557 2022 815 2121 propositionis
834 2034 970 2095 tantem
981 2023 1177 2120 probabilis
1184 2040 1338 2154 puppam

151 2147 257 2244 eique
287 2148 389 2221 nulla
418 2148 595 2246 competit
624 2146 831 2231 certitud03
876 2147 940 2219 sed
969 2147 1007 2219 in
1036 2148 1115 2245 ipsa
1144 2174 1199 2223 sur

150 2272 291 2345 ratione
321 2272 475 2347 includit
497 2272 728 2369 formidinem
763 2271 923 2368 oppositi.
986 2272 1081 2345 Sunt
1111 2275 1199 2371 Opi-

151 2395 253 2469 nioni
280 2405 405 2469 tamen
433 2397 577 2470 Gradus
603 2395 751 2491 quidam
778 2396 828 2467 od
852 2395 1104 2483 certitudinem,
1129 2422 1197 2495 pro

150 2518 293 2593 diverso
318 2520 483 2618 pondere
505 2519 690 2592 rationum
715 2542 799 2614 quae
822 2542 1012 2591 assensum
1035 2530 1197 2607 movent,

149 2642 290 2718 diversi.
343 2645 412 2716 Est
433 2643 534 2740 quod
557 2643 739 2729 omnibus,
758 2643 859 2739 quod
881 2643 1077 2740 plerisque,
1095 2647 1197 2742 quod
1206 2657 1355 2718 Tun-le·

67 2828 69 2832 ,
148 2767 371 2865 sapientibus
388 2767 553 2852 videtur3
582 2776 619 2839 et
637 2766 737 2863 quod
757 2747 892 2838 borum
913 2767 1076 2862 singulis
1095 2771 1196 2865 quod

146 2893 341 2991 plerisque,
376 2893 477 2991 quod
518 2892 785 2977 celeberrimis;
832 2917 990 2988 quorum
1031 2896 1196 2968 omnium

145 3017 266 3116 dispar
299 3026 355 3091 est
387 3017 646 3114 probabilitas;
687 3014 932 3111 quorumdam
962 3041 1049 3089 vero
1080 3028 1195 3106 tanta,

145 3151 187 3216 ut
204 3145 251 3217 ad
269 3142 526 3217 certitudinem
545 3138 839 3237 quamproxime
858 3138 1019 3212 accedat.

77 3426 80 3432 ·
200 3393 234 3486 ᾗ.
253 3392 288 3463 2.
320 3390 395 3470 QUI
417 3389 623 3485 Opinionem
649 3388 702 3483 (h.
721 3412 751 3460 e.
776 3366 967 3460 assensum
993 3389 1194 3484 quemlibet

147 3514 298 3587 scientia
331 3513 529 3606 minorem)
563 3511 671 3609 parit,
706 3511 947 3609 Syllogismus
988 3512 1193 3608 appellatur

100 3672 103 3677 ·
144 3639 376 3727 Diomedem,
406 3626 684 3726 Araberrnrbr‘,
717 3637 739 3708 i.
758 3660 789 3708 e.
819 3636 1053 3734 probabiliter
1082 3637 1351 3715 disse-roomo.

185 3839 326 3912 ”Ennoea
342 3843 371 3899 δὲ
391 3844 423 3898 τὰ
441 3843 563 3898 δοκοῦντα
583 3844 665 3898 πᾶσιν
681 3839 697 3910 ἢ
714 3843 767 3896 τοῖς
784 3837 919 3894 πλείστοις
932 3837 947 3908 ἢ
961 3841 1014 3895 τοῖς
1031 3841 1135 3910 σοφοῖς,
1149 3842 1191 3895 καὶ

144 3936 243 3994 τούτοις
255 3936 270 4007 ἢ
283 3941 365 3993 πᾶσιν
377 3938 392 4008 ἢ
406 3940 459 3994 τοῖς
478 3938 614 3994 πλείστοις
626 3936 641 4006 ἢ
656 3939 710 3992 τοῖς
727 3937 843 4006 μάλιστα
858 3933 996 4006 γνωρίμοις
1014 3935 1056 3988 καὶ
1068 3935 1188 4005 ἐνδόξοις.

142 4029 232 4087 Arist.
256 4030 333 4104 Top.
355 4031 373 4087 i.
399 4035 424 4087 1.
448 4033 474 4088 3.
518 4030 600 4088 Such
627 4027 832 4104 propositions
855 4024 933 4082 form
960 4027 1012 4084 the
1040 4030 1188 4102 premises

144 4124 178 4181 of
188 4125 357 4185 dialectica]
371 4127 552 4202 syllogisms.

181 4233 192 4257 ‘
213 4226 376 4282 Διαλεκτικὸς
389 4224 417 4279 δι’
431 4225 612 4297 συλλογισμὸς
625 4226 640 4278 ὁ
653 4223 683 4291 ἐξ
696 4222 806 4290 ἐνδόξων
819 4224 1045 4295 συλλογιζόμενος.
1075 4221 1152 4296 Top.
1168 4223 1186 4279 i.

142 4323 166 4375 1.
190 4323 216 4378 2.
261 4317 310 4375 On
335 4317 386 4374 the
411 4316 509 4392 origin
533 4314 594 4373 end
615 4314 756 4373 different
775 4332 846 4371 uses
869 4313 903 4371 of
923 4314 1080 4384 Dialectic,
1103 4336 1188 4375 some
1269 4352 1273 4357 -

650 4443 675 4490 H
