3082 5130
243 440 313 512 134
486 464 492 485 ·
667 459 860 507 sensnum.

292 765 324 858 ᾗ.
344 764 377 835 9.
405 762 532 833 Pnunn
558 765 644 831 sunt
667 757 765 854 apud
791 757 950 829 Autores
970 757 1285 854 lnexplicabilium

240 887 440 960 Rationum
474 882 643 967 nomina;
679 905 838 977 quorum
869 881 1039 977 exempla
1074 882 1286 956 Gassendus

239 1012 325 1108 quia
344 1033 527 1105 nusquam
552 1006 762 1092 invenisset,
785 1006 862 1102 ipse
887 1006 1032 1102 reperit.
1083 1007 1221 1080 Vemm
1243 1033 1288 1081 ea

238 1135 477 1231 relinquimus
505 1132 694 1217 studiosis3
731 1131 863 1227 quibus
893 1131 1003 1203 etiam
1029 1132 1200 1204 consulto
1231 1140 1287 1206 est

238 1258 421 1344 relictum,
454 1264 497 1329 ut
537 1280 621 1351 quae
663 1263 749 1328 sunt
787 1253 968 1326 hactenus
1008 1254 1201 1351 explicata,
1235 1255 1287 1329 illi

241 1385 427 1483 explicent
442 1384 479 1455 in
499 1380 737 1477 syllogismos
756 1396 943 1453 conversa.
995 1380 1178 1477 Exempla
1196 1381 1288 1453 Gas-

241 1510 344 1584 sendi
368 1534 415 1581 ne
441 1505 649 1581 desiderent
674 1505 737 1601 qui
761 1504 854 1576 libro
881 1511 1020 1590 carent,
1045 1528 1121 1577 non
1148 1504 1288 1602 pigebit

241 1635 457 1708 exscribere.

290 1760 487 1831 Dominum
528 1746 727 1853 Κυριεύων.
782 1756 1040 1830 Themistoclis
1080 1756 1176 1829 filius
1216 1780 1286 1829 nec

241 1883 380 1956 Graecis
396 1883 563 1978 imperat,
581 1904 649 1952 nec
668 1878 714 1952 de
731 1879 946 1976 imperando
964 1879 1120 1974 cogitat:
1147 1881 1286 1952 Vemm

238 2010 394 2105 imperat
438 2005 562 2091 Matri,
605 2028 689 2099 quae
731 2004 887 2099 imperat
928 2002 1177 2087 Themistocli,
1223 2004 1287 2101 qui

241 2132 380 2205 Graecis
396 2131 570 2227 imperat3
598 2128 815 2200 Dominatur
839 2128 963 2223 itaque
982 2128 1133 2215 Graecis,
1151 2138 1184 2199 et
1200 2154 1287 2200 non-

237 2230 447 2333 dominatur.

293 2381 490 2475 Conficiens
516 2374 721 2477 Περαίνων.
777 2379 940 2452 Multum
969 2378 1107 2451 itineris
1134 2377 1285 2471 conficit,

240 2514 273 2574 et
297 2527 365 2573 non
392 2503 532 2597 conficit
559 2504 680 2590 Canis,
706 2503 832 2599 quiin
857 2511 940 2575 rota
969 2503 1138 2597 gradiens
1165 2510 1287 2575 totum
1352 2598 1355 2605 Ι

240 2625 349 2715 diem,
367 2651 414 2699 ex
432 2627 564 2699 eodem
581 2635 706 2700 tamen
723 2627 807 2700 loco
826 2652 901 2700 non
919 2627 1068 2700 recedit.

292 2753 538 2846 Superpositur
552 2754 610 2827 vel
622 2753 865 2847 Super-latiens
880 2743 1156 2851 ‘Yrrepdertrbr,
1178 2755 1288 2828 Soriti

239 2880 334 2954 forte
360 2880 496 2966 affinis3
524 2881 577 2954 Ut
605 2881 635 2953 si
657 2903 764 2976 roges
791 2889 907 2977 quota
932 2882 978 2954 sit
1003 2881 1121 2978 palea,
1147 2907 1231 2978 quae
1258 2882 1288 2954 si

240 3006 342 3079 mulo
359 3007 679 3096 super-imponatur
696 3004 756 3077 ille
775 3005 877 3077 oneri
894 3007 1139 3079 succumbat?

290 3129 422 3201 Nullus
439 3124 564 3205 Οὖτις.
624 3127 751 3199 Homo
774 3126 812 3199 in
837 3126 1035 3201 Communi
1057 3155 1126 3202 nec
1145 3138 1201 3203 est
1216 3129 1290 3216 hic,

241 3278 309 3327 nec
335 3253 408 3340 ille,
430 3278 499 3325 nec
526 3253 617 3325 alius
642 3251 756 3322 homo
781 3251 984 3346 singularis,
1007 3254 1106 3350 Ergo
1129 3253 1262 3325 Nullus
1270 3251 1288 3326 ¹.

240 3379 309 3453 Vel
334 3389 377 3452 ut
402 3380 531 3452 tritum
557 3374 769 3472 Sophisma:
800 3376 905 3462 Quod
927 3376 1010 3473 Eyo
1034 3403 1121 3467 suro,
1142 3377 1198 3450 Tu
1220 3403 1289 3450 non

279 3554 286 3588 ¹
301 3552 377 3608 This
385 3552 695 3623 sometimesappeors
702 3549 735 3604 in
742 3549 1002 3618 anotherformas
1010 3570 1068 3608 one
1075 3550 1108 3608 of
1111 3552 1163 3608 the
1169 3552 1288 3609 various

239 3647 426 3722 expositions
438 3646 471 3703 of
482 3647 534 3702 the
547 3643 719 3701 celebrated
734 3643 840 3720 fallacy
849 3645 883 3703 of
894 3647 945 3703 the
958 3649 1053 3704 tertius
1063 3649 1152 3714 horno,
1166 3647 1289 3704 alluded

239 3751 270 3800 to
279 3743 318 3818 by
327 3741 480 3808 Aristode,
492 3740 585 3814 Soph.
598 3739 725 3796 Elench.
737 3743 783 3798 22.
797 3744 842 3798 12.
856 3741 990 3816 Metnph.
1001 3742 1019 3798 i.
1031 3743 1057 3798 9.
1069 3745 1095 3799 3.
1125 3743 1190 3799 Itis
1199 3743 1289 3818 given

240 3857 273 3897 as
282 3838 397 3896 follows
407 3839 447 3915 by
453 3836 632 3903 Alexander,
644 3835 744 3894 Schol.
755 3855 784 3912 p.
794 3841 860 3895 314.
871 3838 900 3894 b.
910 3841 958 3896 42.
981 3838 1021 3895 In
1032 3839 1084 3896 the
1091 3840 1292 3914 proposition,

239 3937 372 4010 ἅνθρωπος
384 3939 526 4011 περιπατεῖ,
541 3934 593 3990 the
612 3932 773 4010 subjectis
793 3941 848 3992 not
866 3936 918 3992 the
936 3935 1073 3994 Platonie
1087 3939 1290 4013 αὐτοάνθρωπος,

239 4032 306 4088 who
328 4032 355 4089 is
379 4031 587 4098 immoreable‚
610 4049 668 4087 nor
688 4038 739 4107 yet
760 4050 817 4108 any
837 4031 1004 4090 individunl
1024 4051 1114 4099 mam
1140 4029 1290 4089 therefore

241 4129 326 4186 there
341 4129 367 4186 is
382 4147 400 4185 a
413 4128 494 4186 third
505 4146 586 4196 man,
600 4128 726 4186 distinct
739 4128 817 4186 from
831 4129 883 4186 the
898 4129 973 4187 Idea
987 4130 1048 4187 and
1061 4129 1139 4186 from
1151 4129 1203 4186 the
1215 4128 1290 4185 indi-

240 4225 366 4284 viduels.
394 4224 438 4284 of.
455 4226 585 4294 Scholia,
600 4245 630 4301 p.
645 4229 711 4284 567.
728 4245 753 4284 a.
769 4230 816 4284 41.
839 4226 921 4285 Alex.
937 4228 971 4285 in
985 4229 1120 4303 Metaph.
1136 4245 1165 4302 p.
1180 4229 1227 4285 62.
1243 4225 1289 4283 ed.

241 4321 358 4381 Bonitz.
387 4321 527 4391 Brundis
543 4323 581 4380 de
594 4322 721 4398 perditis
735 4323 905 4382 Aristotelis
919 4325 1014 4393 libris,
1030 4343 1059 4400 p.
1077 4327 1123 4382 18.
