3082 5130
241 437 261 507 l
634 459 737 507 auris
757 459 893 507 nocicla

241 659 314 709 erra
329 634 602 733 aequiangulum,
623 658 773 732 possum
798 632 1101 731 Apprebensione
1129 631 1296 731 Simplici

243 759 478 856 incomplexe
517 758 721 854 intelligere
756 757 845 855 quid
887 756 955 829 sibi
994 756 1108 830 velint
1148 758 1297 854 singula

244 882 428 956 Orationis
449 882 559 979 hujus
578 881 767 967 vocabula,
786 880 980 977 complexa
996 904 1084 953 vero
1103 880 1191 976 quid
1212 889 1298 952 tota

243 1006 308 1079 sibi
335 1006 422 1078 velit
448 1006 598 1079 Oratio:
634 1005 734 1084 Quin
763 1015 800 1076 et
829 1004 941 1101 ipsius
971 1005 1124 1077 Naturae
1144 990 1296 1076 lumine

241 1130 419 1226 intellig0,
445 1130 528 1201 Duo
556 1127 731 1225 quaelibet
757 1128 900 1225 objecta
928 1128 986 1201 vel
1010 1129 1106 1201 inter
1136 1152 1174 1201 se
1205 1152 1297 1201 con·

241 1253 377 1338 venire,
395 1252 453 1324 vel
476 1276 552 1324 non
577 1252 786 1337 convenire,
804 1257 841 1323 e‘t
866 1251 1019 1348 proinde
1037 1253 1152 1325 altera
1170 1253 1297 1349 Copu-

239 1376 357 1448 larum
389 1401 467 1448 esse
492 1375 705 1472 jungenda:
746 1373 924 1447 Nondum
950 1383 1074 1448 tamen
1099 1375 1170 1448 feci
1195 1376 1296 1472 judi-

240 1500 337 1571 cium
368 1499 486 1571 donec
519 1498 700 1595 Copulam
731 1498 1062 1586 determinaverim,
1087 1501 1109 1572 i.
1136 1525 1167 1572 e.
1193 1501 1295 1597 apud

239 1622 418 1719 meipsum
441 1622 631 1695 statuerim
654 1622 735 1694 haec
761 1623 845 1695 Duo
865 1621 1032 1719 Objecta,
1055 1625 1294 1722 Triangulum

240 1747 494 1844 aequilaterum,
538 1755 576 1818 et
624 1747 859 1844 Triangulum
901 1748 1177 1846 aequiangulum,
1220 1749 1292 1822 hac

243 1870 387 1968 Copula
412 1871 496 1958 Eat,
519 1895 595 1942 non
623 1879 746 1945 autem
774 1870 889 1943 altera
912 1870 1097 1959 Non-Eat,
1120 1880 1292 1968 oportere

242 1996 427 2093 conjungi.

292 2120 327 2192 3.
353 2120 577 2204 Darou-mi,
601 2129 657 2191 est
680 2128 804 2192 motus
828 2118 902 2193 sive
926 2143 1141 2216 progressus
1157 2119 1291 2193 mentis

282 2395 293 2428 Β
315 2382 470 2439 “Additur
489 2381 577 2437 tertia
596 2381 729 2453 operatio
748 2398 815 2455 quae
838 2388 886 2438 est
904 2381 1067 2449 discursus
1083 2383 1120 2440 ab
1134 2400 1197 2439 uno
1212 2400 1290 2440 com·

242 2479 342 2552 posito
363 2479 410 2535 vel
436 2477 531 2533 diviso
554 2476 593 2534 ad
617 2476 718 2533 aliud:
754 2477 812 2534 hoc
840 2484 942 2535 tamen
967 2478 1001 2533 fit
1024 2496 1079 2551 per
1102 2488 1290 2552 argumenta·

243 2573 367 2630 tionem.
406 2573 464 2629 Est
475 2578 576 2628 autem
588 2572 809 2645 argumentatio
820 2572 915 2628 oratio
927 2571 1124 2646 significativa
1135 2573 1291 2633 discursus

242 2667 369 2724 rationis
394 2667 432 2725 ab
454 2684 517 2723 uno
543 2666 664 2742 cognito
690 2665 729 2722 ad
753 2665 836 2724 aliud
857 2666 1055 2741 incognitum,
1080 2667 1128 2722 vel
1152 2685 1170 2722 a
1193 2671 1290 2742 magis

242 2765 363 2840 cognito
389 2763 427 2822 ad
451 2764 553 2820 minus
579 2764 742 2839 cognitum.
786 2763 866 2820 Sunt
890 2771 990 2820 autem
1019 2763 1289 2838 argumentationis

242 2868 372 2937 quatuor
390 2861 514 2937 species,
531 2861 645 2919 scilicet
662 2861 865 2938 syllogismua
882 2861 1084 2936 enthymema,
1100 2859 1243 2925 inductio,
1260 2866 1291 2916 et

242 2958 442 3033 exemplum.‘'
482 2957 627 3033 Aquinas
651 2957 762 3033 Opusc.
784 2957 875 3014 xlviii.
904 2957 996 3014 Tract
1017 2955 1054 3014 de
1078 2955 1150 3031 Syll.
1174 2973 1236 3029 cap.
1263 2960 1288 3012 1.

243 3055 311 3112 The
326 3053 523 3112 definitionis
537 3060 588 3111 too
602 3053 687 3120 wide,
702 3052 795 3129 being
813 3052 980 3128 applicable
999 3060 1030 3109 to
1045 3052 1097 3109 the
1113 3051 1290 3109 immediate

241 3152 412 3211 inferences
431 3152 465 3210 01
483 3152 666 3227 Opposition
689 3150 749 3209 and
772 3150 967 3217 Conversion,
985 3168 1018 3207 as
1039 3148 1107 3206 well
1129 3167 1161 3206 as
1183 3156 1214 3205 to
1239 3148 1290 3204 the
1384 3143 1386 3146 ’

242 3249 373 3306 mediate
392 3249 432 3324 by
445 3247 707 3324 Argumentation.
750 3246 789 3303 In
806 3246 846 3304 all
865 3246 951 3303 there
970 3245 997 3302 is
1016 3263 1034 3302 a
1051 3261 1192 3320 progress
1212 3241 1290 3300 from

241 3360 301 3401 one
319 3343 483 3419 judgment
504 3351 535 3400 to
561 3343 695 3400 another.
746 3342 895 3399 Disauran
915 3342 941 3398 is
966 3358 1051 3397 more
1074 3339 1216 3414 properly
1238 3338 1291 3394 the

241 3456 382 3514 progress
404 3439 482 3495 from
501 3445 558 3496 two
578 3439 745 3497 connected
760 3439 948 3515 judgmenta
964 3446 995 3496 to
1010 3456 1028 3495 a
1042 3436 1124 3494 third
1143 3435 1292 3510 resulting

242 3530 321 3588 frorn
342 3533 422 3588 their
440 3533 628 3590 connection.
673 3533 717 3589 Cf.
737 3533 811 3589 Port
829 3533 926 3608 Royal
944 3533 1047 3609 Logia,
1063 3532 1179 3589 Introd.
1211 3541 1227 3563 “
1241 3530 1291 3589 On

242 3625 361 3699 appelle
376 3627 521 3680 cananaea
538 3624 659 3682 l’action
674 3625 711 3680 de
725 3633 812 3682 notre
827 3628 930 3700 esprit,
945 3645 1000 3700 par
1013 3627 1143 3699 laquelle
1158 3627 1180 3683 il
1195 3626 1290 3684 forme

242 3738 286 3776 un
295 3719 457 3795 jugement
470 3718 508 3775 de
521 3718 673 3793 plusieurs
690 3719 817 3775 autres.''

286 3815 330 3874 Of
350 3815 411 3872 this
437 3813 566 3872 division
591 3813 625 3872 of
648 3816 700 3872 the
725 3816 898 3889 operatione
923 3814 957 3872 01
977 3814 1029 3871 the
1054 3817 1148 3884 mind,
1176 3818 1225 3876 Sir
1242 3817 1289 3877 W.

246 3909 407 3967 Hamilton
428 3910 484 3966 has
507 3908 660 3977 observed,
686 3910 752 3967 that
774 3910 827 3967 “it
850 3928 942 3967 never
962 3928 1022 3966 was
1042 3913 1193 3986 proposed
1218 3930 1251 3969 as
1274 3931 1292 3970 a

241 4008 447 4082 psycholopiaal
466 4004 712 4064 distributiones
729 4004 781 4061 the
800 4004 948 4081 cognitive
968 4003 1104 4064 faculties
1119 4009 1150 4064 in
1162 4010 1290 4082 general:

244 4104 301 4160 but
325 4103 396 4179 only
419 4121 451 4159 as
476 4120 494 4159 a
518 4102 620 4175 logical
644 4100 839 4159 distribution
863 4100 898 4158 of
918 4100 984 4158 that
1008 4102 1122 4160 section
1148 4102 1181 4159 of
1205 4103 1290 4160 them

244 4197 343 4254 which
368 4217 410 4253 we
436 4197 630 4254 denominate
655 4197 809 4261 discursive,
833 4212 865 4252 as
891 4195 977 4252 those
1002 4196 1089 4254 alone
1114 4197 1212 4254 which
1240 4216 1290 4254 are

244 4294 442 4370 proxinrately
459 4292 628 4351 concerned
647 4293 679 4349 in
699 4292 750 4350 the
771 4277 893 4367 process
911 4291 945 4351 01
959 4293 1146 4369 reasoning.'’
1187 4293 1289 4352 Reid's
