3082 5130
388 455 458 526 116
811 476 1005 526 arcanuia.

383 677 510 726 earum
537 650 729 747 aliquibuS,
751 652 861 746 juxta
888 659 1052 724 veterem
1082 646 1292 745 disputandi
1326 643 1381 738 (h.
1399 667 1434 714 e.

384 776 650 872 interrogandi)
693 799 835 847 morem
877 774 1102 871 propositis3
1156 772 1220 845 sed
1263 767 1432 867 profecto

385 924 495 972 nemo
513 907 591 970 tam
608 898 761 970 obtusus
779 906 846 984 est,
860 898 924 993 qui
941 922 1016 969 non
1035 896 1182 969 easdem
1201 891 1435 992 Syllogistice

387 1024 590 1121 propositas
607 1030 782 1118 agnoscat
800 1022 936 1108 statim,
954 1029 992 1093 et
1009 1021 1183 1093 derideat.
1233 1019 1276 1089 V.
1290 1041 1325 1112 g.
1351 1015 1435 1088 Erit

386 1146 540 1219 fortasse
554 1146 618 1240 qui
633 1152 783 1239 rogatus
798 1142 901 1228 Quod
916 1169 984 1215 non
1001 1144 1157 1214 omiserit
1174 1151 1291 1211 utrum
1309 1137 1436 1209 tabeat

384 1269 517 1340 necne?
541 1291 617 1339 non
634 1267 814 1362 intelligat
832 1291 871 1338 se
889 1274 1040 1363 captum
1057 1266 1112 1351 iri,
1130 1265 1204 1337 sive
1223 1264 1436 1360 simpliciter

384 1391 519 1465 habere
546 1416 597 1477 se,
623 1391 697 1463 sive
727 1414 802 1462 non
832 1390 969 1462 habere
996 1389 1248 1486 responderit:
1285 1396 1324 1459 at
1349 1411 1437 1483 pro-

383 1515 504 1611 posito
538 1512 749 1609 hujusmodi
784 1512 1016 1609 Syllogism0,
1046 1511 1151 1597 Quod
1182 1536 1251 1582 non
1285 1511 1436 1580 connati

384 1637 510 1721 dobes;
538 1634 678 1708 Cornua
696 1660 764 1705 non
781 1637 950 1719 omisisti;
977 1637 1078 1731 Ergo
1096 1633 1220 1704 dobes:
1247 1633 1316 1704 Vel
1331 1630 1438 1717 Qooc

384 1783 452 1830 non
475 1759 624 1828 cornuti
646 1781 714 1827 noro
739 1755 865 1840 dobes;
893 1755 1017 1828 Oculos
1040 1782 1109 1827 non
1133 1759 1303 1841 omisisti;
1332 1758 1437 1850 Ergo

384 1904 452 1950 non
470 1878 597 1961 lobea·
623 1878 711 1973 quid
728 1887 885 1974 reponat
902 1903 1012 1951 nemo
1030 1903 1106 1951 non
1124 1878 1235 1952 videt.

386 2125 562 2184 distinction
590 2126 652 2184 still
677 2144 761 2182 more
790 2125 907 2203 clearly.
952 2124 1122 2184 “Fallaciae
1150 2127 1183 2182 in
1204 2125 1336 2184 dictione
1362 2134 1437 2184 sunt

386 2224 447 2280 illae
468 2241 563 2297 penos
585 2241 659 2296 quas
681 2221 850 2279 secundum
872 2241 979 2280 omnes
1000 2223 1108 2280 modos
1125 2230 1253 2298 peccant
1269 2224 1437 2298 sophistica

388 2326 567 2397 argumenta
582 2320 749 2394 composita
763 2338 799 2376 ex
814 2320 909 2394 signis
921 2320 1088 2378 voluntarie
1102 2321 1258 2377 institutis.
1294 2323 1438 2382 Fallaciae

388 2423 472 2474 extra
486 2416 650 2473 dictionem
664 2423 737 2472 sunt
750 2416 811 2473 illae
830 2435 925 2490 penes
940 2435 1015 2491 quas
1029 2423 1157 2492 peccant
1176 2426 1354 2492 argumenta
1372 2427 1438 2477 tam

388 2513 557 2586 composita
578 2531 615 2568 ex
636 2512 731 2587 signis
745 2512 912 2570 voluntarie
930 2513 1078 2570 institutis
1101 2531 1192 2587 quam
1212 2516 1379 2589 composita
1401 2535 1438 2573 ex

390 2611 485 2684 signis
499 2610 677 2666 naturaliter
691 2610 959 2686 significantibus.”
980 2611 1101 2685 Logica,
1116 2610 1158 2666 iii.
1174 2612 1202 2665 4.
1218 2628 1281 2685 cap.
1300 2616 1325 2668 1.
1369 2612 1438 2670 The

389 2706 502 2763 former
522 2707 600 2763 arise
621 2706 699 2764 from
721 2705 834 2764 defects
855 2707 888 2763 in
907 2707 959 2764 the
981 2706 1126 2782 arbitrary
1146 2707 1229 2782 signs
1248 2706 1281 2763 of
1296 2708 1437 2784 thought,

390 2803 451 2860 and
464 2803 561 2859 hence
575 2821 625 2860 are
639 2803 810 2879 frequently
825 2802 966 2860 confined
980 2810 1011 2859 to
1026 2822 1043 2860 a
1058 2803 1156 2878 single
1170 2803 1326 2879 language.
1370 2805 1440 2863 The

389 2899 479 2956 latter
499 2917 549 2955 are
570 2900 603 2955 in
623 2899 675 2956 the
701 2898 832 2973 thought
858 2897 948 2966 itself,
970 2898 1106 2955 whether
1126 2898 1302 2974 materially,
1324 2899 1357 2956 in
1384 2899 1439 2958 the

390 2993 465 3051 falso
486 2994 669 3068 application
697 2993 731 3050 of
754 2994 877 3052 notions
901 3000 933 3050 to
958 2993 1071 3068 things,
1094 3011 1129 3049 or
1155 2992 1301 3070 formassy,
1325 2996 1358 3051 in
1385 2997 1439 3054 the

390 3091 535 3147 violation
556 3089 590 3146 os
606 3091 659 3147 the
679 3090 751 3146 laws
766 3090 806 3165 by
819 3090 918 3146 which
938 3090 990 3147 the
1012 3090 1184 3164 operatione
1206 3089 1240 3146 of
1257 3091 1309 3149 the
1329 3110 1439 3150 reason

393 3187 504 3244 should
517 3187 555 3243 be
570 3185 730 3262 governed.
768 3185 875 3244 Under
889 3187 950 3243 this
963 3186 1043 3243 head
1057 3205 1106 3243 are
1121 3185 1193 3243 thus
1208 3186 1350 3245 included
1363 3189 1440 3247 both

393 3283 467 3341 salse
477 3282 656 3359 judgments
671 3281 731 3339 and
745 3282 877 3358 illogical
890 3284 1077 3358 reasonings.
1112 3283 1212 3340 These
1227 3284 1373 3342 Fallacies
1387 3304 1440 3343 are

393 3377 561 3436 connected
579 3377 652 3434 with
669 3376 818 3452 language
841 3377 913 3453 only
932 3377 1120 3453 secondarily
1141 3378 1202 3435 and
1223 3378 1440 3457 accidentally;

394 3473 446 3530 the
473 3472 586 3529 former
611 3472 768 3545 primarily
795 3472 855 3529 and
882 3472 1064 3549 essentially.
1109 3473 1167 3531 See
1187 3473 1311 3543 further,
1333 3475 1442 3544 Waitz,

395 3569 451 3626 vol.
467 3569 496 3624 ii.
512 3586 540 3640 p.
557 3570 624 3624 532.
