3082 5130
269 435 339 506 128
691 457 884 507 Ammoni.

265 635 444 704 sententia.
497 633 619 704 Tanto
645 632 818 729 utrinque
845 631 1013 704 acumine
1039 631 1198 729 perculsi
1223 632 1313 705 boni

260 758 415 855 judices,
441 759 695 831 exclamarunt
725 756 853 830 Κακοῦ
883 747 1054 854 Κόρακος
1083 747 1197 830 κακὸν
1223 744 1311 848 οἷον,

267 906 488 978 causamque
505 881 543 954 in
559 883 812 978 longissimum
830 883 926 955 diem
943 882 1175 993 distrsserunt.

317 1008 492 1103 Ineptum
510 1018 588 1078 erat
607 1005 755 1078 Coracis
774 1006 956 1077 Dilemma
976 1006 1063 1101 quia
1084 1005 1208 1102 potuit
1233 1004 1311 1078 tam

265 1131 359 1202 bene
376 1129 592 1225 retorqueri.
644 1129 892 1202 Nihilominus
910 1128 1040 1201 callide
1057 1130 1202 1223 agebat,
1220 1129 1249 1201 si
1272 1129 1311 1202 id

266 1253 415 1326 Judices
450 1253 634 1326 vidissent.
693 1255 792 1327 Nam
825 1279 910 1328 cum
944 1255 1152 1327 mercedem
1184 1256 1310 1352 inique

263 1384 417 1473 peteret,
429 1400 539 1448 causa
553 1375 683 1448 cadere
694 1375 869 1462 debebat3
889 1378 1171 1474 Quamprimum
1184 1387 1311 1451 autem

264 1500 465 1587 cecidisset,
483 1502 516 1573 ei
534 1525 675 1595 merces
693 1525 739 1573 ex
757 1510 867 1598 pacto
885 1502 1095 1574 debebatur.

318 1747 351 1841 §.
370 1746 403 1818 6.
423 1746 457 1816 4.
485 1746 684 1818 Munrmns
711 1747 774 1841 qui
799 1755 856 1818 est
882 1749 1013 1819 Graece
1042 1735 1309 1838 *lenddpevosh

266 1869 460 1966 Chrysippi
487 1869 727 1965 syllogismus
753 1895 800 1942 ne
826 1871 871 1943 ab
889 1870 969 1968 ipso
988 1871 1136 1966 quidem
1154 1871 1309 1959 solutus,

161 2063 167 2076 ,
195 2064 201 2077 ,
230 2064 235 2077 ,
264 2003 400 2091 praeter
418 2000 572 2065 caeteros
595 1992 796 2065 insolubilis
819 1993 985 2066 habetur.
1037 1993 1137 2066 Eum
1156 1994 1311 2067 Cicero⁰

263 2118 314 2190 sic
342 2117 531 2190 enuntiat:
562 2116 605 2188 St
632 2115 720 2187 dicis
751 2116 800 2187 Te
829 2119 979 2203 mentiri,
1006 2128 1039 2187 et
1063 2141 1182 2188 verum
1207 2117 1307 2205 dicis,

262 2243 418 2311 mentiris
422 2268 437 2323 ;
463 2240 537 2311 Sed
552 2239 640 2310 dicis
660 2237 712 2310 Te
727 2242 876 2327 mentiri,
896 2250 928 2309 et
944 2264 1062 2311 vernn
1081 2240 1189 2325 dicic;
1213 2265 1308 2312 rnen—

264 2365 341 2434 tiris
358 2366 477 2456 ipitnr.

313 2486 487 2582 Congrue
503 2487 667 2582 loquere,
685 2487 900 2585 Chrysippe‚
918 2496 956 2559 et
972 2487 1154 2583 intelliges
1172 2489 1227 2562 Te
1245 2489 1307 2562 vel
1389 2513 1392 2517 ·

262 2612 353 2685 nihil
368 2636 529 2708 prorsuS,
547 2611 605 2685 vel
622 2611 712 2684 nihil
730 2612 850 2685 dicere
869 2613 1025 2687 difficile.
1070 2615 1144 2693 Qui
1162 2640 1200 2687 se
1218 2614 1307 2687 dicit

261 2737 451 2822 incolitant,
474 2742 512 2806 et
532 2759 661 2808 verum
684 2734 783 2822 dicit,
806 2737 967 2807 mentitus
990 2747 1061 2821 est;
1091 2737 1163 2822 Qut
1184 2740 1307 2808 menti-

261 2866 388 2943 tnrnrn,
407 2861 599 2929 mentietur.
654 2859 801 2930 Horum
818 2867 1017 2954 utrumque
1035 2883 1165 2931 verum
1183 2867 1250 2947 est,
1269 2867 1308 2931 et

260 2981 398 3053 nemini
423 2982 641 3068 obscurum;
679 2983 752 3056 Sed
774 2983 837 3079 qui
859 2991 903 3055 ut
923 3008 1051 3056 verum
1078 2983 1187 3056 simul
1208 2983 1307 3055 dicat

261 3111 299 3175 et
323 3105 523 3178 mentiatur
545 3106 632 3178 dicit
655 3131 772 3179 unum
797 3106 945 3202 aliquid,
964 3106 1069 3203 cujus
1092 3117 1215 3205 partes
1238 3109 1306 3185 sibi

259 3227 416 3300 invicem
446 3229 715 3317 contradicunt,
740 3231 770 3303 is
799 3254 868 3302 nec
894 3254 1033 3315 verum,
1060 3255 1129 3303 nec
1160 3231 1306 3319 falsum,

260 3352 324 3425 sed
354 3353 504 3425 omnino
535 3353 625 3425 nihil
656 3354 763 3427 dicit:
801 3355 949 3451 quando
981 3357 1078 3429 enim
1109 3359 1302 3430 sententiae

260 3500 343 3571 pars
366 3502 442 3548 una
463 3476 593 3549 evertit
619 3477 784 3563 alteram,
801 3485 883 3549 tota
906 3478 997 3550 nihil
1022 3505 1172 3575 prorsus
1198 3481 1307 3576 signi-

262 3598 360 3685 ficat,
377 3598 443 3670 sed
458 3599 616 3671 inaniter
633 3600 771 3697 strepit.

300 3809 312 3841 ¹³
334 3811 409 3868 This
424 3812 544 3888 Fallecy
557 3813 583 3869 is
603 3813 767 3872 attributed
783 3822 814 3872 to
830 3816 999 3875 Eubulides
1016 3818 1051 3876 ol
1069 3820 1203 3879 Miletus
1247 3821 1304 3880 See

260 3907 360 3965 Laert.
376 3908 406 3964 ii.
425 3911 490 3965 138.

299 4015 310 4039 ⁰
333 4004 423 4062 Acad.
447 4005 560 4076 Quaest.
583 4007 619 4063 ir.
642 4009 689 4065 30.
732 4007 777 4065 Its
797 4009 931 4067 solution
950 4012 977 4068 is
1000 4013 1133 4071 obvious.
1176 4014 1225 4071 No
1247 4032 1305 4071 one

260 4114 316 4154 can
340 4099 380 4156 lie
402 4100 529 4157 without
548 4101 633 4177 lying
653 4103 746 4160 about
768 4106 949 4182 something.
992 4109 1060 4166 The
1083 4110 1258 4186 something
1279 4110 1306 4166 is

259 4202 314 4251 not
338 4196 435 4254 stated
459 4197 492 4253 in
517 4199 569 4256 the
594 4200 740 4274 sophism.
790 4202 856 4259 The
880 4204 1020 4277 question
1045 4223 1078 4262 cs
1101 4207 1125 4263 it
1148 4206 1253 4263 stende
1278 4206 1306 4262 is

259 4292 454 4368 immecning.
496 4292 529 4349 Is
543 4293 604 4351 this
618 4294 708 4371 thing
720 4314 790 4372 very
804 4295 887 4354 like?
920 4298 997 4356 Like
1011 4299 1112 4358 what?
