3082 5130
287 453 334 524 52
679 472 784 521 unns
801 472 939 522 Locren

287 672 499 746 tradictoria
526 672 581 745 E:
608 671 708 767 Ergo
735 679 773 744 et
800 670 1095 745 contradictoriae
1123 669 1335 769 simpliciter

287 820 486 868 conversa:
523 793 626 891 Ergo
653 818 738 890 quae
764 818 951 867 conversae
983 795 1213 881 contradicit,
1243 795 1282 888 (i.
1301 818 1333 866 e.

286 920 464 1016 expositae
491 918 703 1015 simpliciter
732 915 941 1013 conversa)
974 925 1030 989 est
1059 942 1155 990 vera.
1217 918 1252 989 3.
1280 917 1335 989 Sit

287 1066 373 1116 vera
390 1043 434 1116 E.
488 1036 589 1137 Ergo
612 1049 651 1112 et
677 1040 756 1136 ejus
779 1039 989 1137 simpliciter
1010 1063 1205 1113 conversa:
1233 1041 1333 1134 Ergo

287 1173 326 1237 et
349 1188 535 1238 conversae
560 1163 831 1236 subaltemata:
859 1187 942 1258 quae
967 1172 1023 1236 est
1048 1164 1225 1260 expositae
1247 1187 1335 1237 con-

287 1310 392 1361 versa
416 1312 483 1384 per
508 1286 688 1359 accidens
741 1287 775 1358 4.
795 1286 850 1358 Sit
875 1310 963 1360 vera
984 1286 1041 1371 A;
1070 1287 1170 1382 Ergo
1195 1296 1233 1359 et
1256 1287 1334 1381 ejus

287 1409 558 1482 subalternata:
603 1407 705 1504 Ergo
744 1415 783 1479 et
824 1407 1084 1482 subalternatae
1124 1409 1335 1507 simpliciter

288 1557 487 1606 conversa:
516 1556 599 1627 quae
617 1540 673 1603 est
690 1531 868 1628 expositae
885 1557 951 1629 per
968 1529 1186 1607 Accidens&

341 1658 484 1730 Ceterae
500 1656 799 1743 Conversiones⁰,
813 1681 898 1729 cum
912 1657 985 1730 sint
996 1659 1129 1754 partim
1142 1659 1335 1754 ambiguae,

327 1881 399 1937 ‘¹In
421 1879 616 1946 Conversion,
639 1895 672 1938 as
693 1880 726 1937 in
748 1880 939 1955 Opposition
963 1879 1106 1958 Singular
1126 1881 1335 1956 Propositions

287 1978 363 2035 have
396 1975 475 2045 been
502 1974 661 2050 neglected
689 1975 729 2051 by
756 1974 889 2032 Aldrich.
940 1974 1134 2052 Conceming
1159 1978 1254 2044 these,
1282 1977 1335 2034 the

288 2072 442 2148 following
461 2078 574 2128 extract
592 2070 670 2129 from
683 2072 791 2128 Wallis
805 2089 875 2147 may
889 2073 980 2128 assist
996 2072 1047 2129 the
1064 2073 1190 2130 leamer.
1234 2082 1251 2104 ‘⁴
1266 2072 1335 2131 Pro

287 2168 399 2244 positio
414 2167 585 2242 Stopalcria
597 2164 669 2245 (sive
683 2166 868 2225 Affirmativa
882 2168 944 2225 siva
955 2167 1122 2246 Negativa)
1132 2186 1202 2226 cum
1216 2188 1337 2245 semper

293 2264 461 2320 Universolc'a
483 2263 531 2329 sit,
554 2262 692 2320 observat
715 2263 799 2339 leges
824 2263 951 2320 aliarum
973 2264 1207 2322 Universalium.
1250 2266 1335 2335 Puta,

290 2361 424 2433 Vispilies
449 2370 487 2415 est
510 2360 621 2423 Poeto;
651 2377 722 2435 ergo
746 2361 858 2434 Aliquis
883 2362 974 2418 Poeta
998 2371 1036 2417 cst
1062 2363 1204 2436 Virpilios.
1246 2363 1335 2433 Item,

291 2455 425 2528 Vispilies
445 2473 503 2510 non
523 2465 562 2510 est
583 2452 714 2521 (iream
738 2474 808 2531 ergo
829 2456 933 2512 Nellos
955 2456 1117 2514 Grococscm
1137 2467 1175 2514 cst
1194 2459 1335 2533 Virgilius.

287 2550 387 2624 Atque
402 2550 435 2606 in
449 2549 516 2606 aliis
531 2549 678 2607 similiter.

330 2646 363 2705 si
384 2653 486 2704 autem
509 2647 702 2705 Conoertmdcc
721 2649 939 2723 propositionis
959 2650 1150 2708 Proedr'cotom
1172 2650 1212 2708 sit
1230 2652 1337 2711 Indice

289 2743 383 2808 doum,
395 2739 608 2820 (quodcunque
622 2741 762 2800 habuerit
774 2741 972 2821 subjectum)
985 2744 1171 2802 Conoertcotis
1181 2745 1339 2820 subjectam

288 2833 412 2914 (quippe
431 2835 513 2910 quod
531 2834 630 2893 fuerat
644 2836 838 2896 converteram
852 2836 1053 2912 Prodicotem)
1065 2839 1249 2897 roseaceum
1263 2843 1336 2910 erit;

288 2940 449 3008 propterea
468 2939 500 2990 et
520 2932 690 3007 Propositio
713 2933 878 2991 Ooooerteos
897 2931 996 3012 (siqua
1017 2932 1067 3012 sit)
1086 2937 1257 2994 necessario
1280 2939 1339 2996 erit

289 3029 460 3104 Sinpolorir,
482 3028 618 3103 adeoque
641 3029 836 3087 Universolos’
877 3029 936 3088 See
956 3030 1019 3088 also
1039 3030 1141 3088 Reid's
1155 3031 1273 3101 Works,
1289 3033 1336 3092 ed.

289 3125 461 3195 Hamilton,
476 3144 505 3202 p.
523 3128 589 3184 697.

327 3234 338 3258 ²
361 3222 471 3280 Uetere
491 3225 684 3281 conversiones.
728 3222 789 3281 For
809 3223 861 3280 the
882 3222 997 3280 benefit
1017 3222 1051 3281 of
1067 3224 1120 3282 the
1142 3223 1270 3291 curicus,
1293 3243 1337 3283 we

289 3323 380 3392 quote
394 3318 446 3374 the
460 3314 631 3394 following:
655 3318 760 3376 “Tres
775 3317 867 3395 igitur
885 3325 959 3376 sunt
972 3317 1096 3376 famosae
1111 3318 1192 3394 apud
1206 3319 1337 3395 Logieos

290 3412 494 3472 conversionis
516 3412 640 3485 speeies.
683 3411 762 3469 Dico
790 3411 922 3480 famosae,
945 3414 1089 3488 quoniam
1109 3413 1251 3471 nonnulli
1275 3432 1337 3472 mo

290 3506 378 3565 demi
391 3506 574 3562 invenerunt
594 3505 670 3563 duas
684 3506 759 3563 alias
773 3507 978 3564 conversionis
993 3507 1118 3582 species
1134 3526 1262 3582 quarum
1276 3527 1339 3567 una

291 3609 337 3659 est
351 3600 506 3658 conversio
524 3601 769 3675 propositionum
790 3601 906 3659 nullius
923 3603 1109 3676 quantitatis,
1125 3610 1160 3660 ut
1178 3603 1338 3661 exclusiva)

291 3705 322 3755 et
347 3695 579 3771 reduplicativae.
632 3695 713 3754 Nam
741 3697 785 3755 sia
812 3699 996 3755 convertitur
1023 3699 1189 3766 exclusiva;
1218 3705 1339 3757 tantum

290 3793 383 3850 homo
400 3797 448 3849 est
465 3791 630 3859 rationalis,
646 3809 737 3849 omne
757 3792 904 3850 rationale
926 3799 973 3850 est
991 3794 1101 3851 homo:
1123 3794 1341 3869 reduplicativa

290 3893 393 3944 autem
407 3884 451 3943 sic
466 3885 648 3943 convertitur
656 3904 664 3951 ;
685 3884 778 3943 homo
793 3885 826 3942 in
841 3892 989 3960 quantum
1005 3886 1099 3944 homo
1113 3894 1160 3945 est
1172 3888 1339 3955 rationalis,
1390 3897 1397 3909 ·

290 3979 437 4039 rationale
457 3986 504 4037 est
521 3979 614 4037 homo
633 3980 667 4036 in
686 3987 834 4054 quantum
852 3980 954 4038 homo.
996 3981 1339 4058 Itempropositionum

290 4074 467 4142 modalium,
488 4082 524 4132 ut
543 4074 701 4133 hominem
723 4091 790 4132 esse
811 4074 915 4132 album
936 4081 983 4133 est
1002 4077 1158 4151 possibile,
1180 4095 1251 4154 ergo
1272 4095 1339 4153 pos-

291 4170 379 4228 sibile
407 4175 455 4227 est
480 4168 637 4227 hominem
665 4186 733 4226 esse
761 4167 873 4229 album.
916 4168 996 4228 Item
1017 4171 1069 4228 alii
1089 4171 1247 4248 imaginati
1268 4177 1341 4229 sunt

292 4266 367 4324 duas
395 4265 470 4324 alias
492 4265 616 4340 species.
660 4263 762 4322 Prima
783 4270 830 4322 cst
857 4264 979 4338 qnando
1000 4273 1136 4327 mutatur
1156 4267 1285 4343 qualitas
1308 4273 1343 4324 et
