3082 5130
345 446 415 519 100
735 470 838 519 sarrs
858 469 994 518 romeis

342 647 574 744 pertinentia,
588 669 673 717 cum
687 645 983 718 conclusionibus
998 668 1081 740 quae
1095 643 1140 715 ab
1153 642 1210 715 his
1227 643 1393 738 legitime

344 770 586 842 deducuntur.
640 769 738 840 Nam
755 767 966 865 hujusmodi
983 766 1250 864 propositiones
1267 766 1393 839 viden·
1440 788 1444 794 ·

343 901 405 966 tur
447 916 525 966 esse
567 893 764 990 plusquam
805 891 1024 989 probabiles,
1058 890 1224 962 nondum
1267 898 1392 962 tamen

345 1017 554 1089 evidentes:
590 1039 710 1112 neque
746 1015 843 1088 enim
878 1040 939 1088 eas
976 1015 1129 1112 quisque
1160 1014 1394 1111 amplectitur

345 1141 616 1239 quamprimum
649 1138 911 1237 apprehendit3
953 1139 1018 1212 sed
1050 1138 1092 1211 iis
1121 1137 1281 1234 prudens
1315 1138 1393 1211 sine

345 1263 422 1337 ulla
439 1263 631 1336 formidine
650 1262 856 1335 assentitur.
1013 1348 1022 1366 ⁶

311 1478 313 1485 Ι
400 1386 600 1459 cernadus
625 1385 763 1483 duplex
787 1394 862 1471 est;
890 1385 960 1458 alia
987 1383 1133 1481 Objecti,
1150 1410 1234 1482 quae
1261 1385 1394 1458 estrei

346 1511 613 1610 percipiendae3
659 1510 729 1583 alia
762 1509 929 1606 sabjecti,
966 1534 1050 1605 quae
1084 1517 1140 1581 est
1180 1509 1394 1583 Intellectus

346 1635 589 1734 percipientis.
643 1636 692 1706 Et
726 1634 872 1729 utrique
907 1633 962 1705 sui
1005 1641 1092 1705 sunt
1129 1632 1273 1727 prodas.
1326 1635 1395 1706 Est

348 1760 446 1833 enim
483 1759 620 1830 Certior
655 1757 873 1831 certitudine
913 1756 1070 1853 Objecti,
1104 1758 1141 1830 id
1175 1758 1234 1830 cui
1273 1758 1395 1830 minus

348 1879 471 1968 obest;
500 1883 716 1955 certitudine
743 1880 918 1979 Subjecti‚
942 1882 1001 1954 cui
1027 1882 1128 1978 quod
1154 1882 1249 1955 obsit
1274 1883 1395 1955 minus

347 2008 555 2106 percipitur.
608 2006 802 2080 Evidentia
819 2006 981 2078 similiter
1004 2007 1141 2103 duplex
1159 2017 1234 2092 est;
1263 2006 1396 2103 Objecti

348 2157 493 2229 nempe,
523 2140 561 2204 et
591 2130 747 2228 sabjecti
753 2161 768 2215 ;
802 2138 840 2202 et
870 2130 1016 2227 utrique
1051 2131 1106 2203 sui
1136 2141 1221 2225 sunt
1250 2131 1395 2226 prodas.

351 2257 482 2354 Dispar
500 2255 598 2327 enim
616 2254 797 2327 evidentia
815 2264 881 2340 est,
899 2263 1010 2350 prout
1027 2254 1064 2327 id
1082 2256 1182 2351 quod
1198 2255 1398 2354 percipitur

350 2382 409 2455 vel
426 2388 482 2453 est
499 2388 630 2477 sponte
649 2378 901 2476 perspicuum;
930 2379 988 2451 vel
1011 2404 1033 2451 a
1056 2387 1187 2477 sponte
1203 2379 1397 2477 perspicuo

350 2504 501 2602 propius
519 2503 640 2587 abest;
668 2502 726 2574 vel
743 2502 923 2576 utrumvis
941 2502 1075 2574 horum
1092 2502 1246 2575 videtur.

388 2697 400 2731 ⁸
418 2684 475 2742 We
489 2684 565 2740 have
584 2702 652 2740 now
667 2690 718 2759 got
737 2683 813 2741 back
828 2684 917 2759 again
936 2691 967 2740 to
989 2683 1223 2743 demonstrative
1241 2687 1395 2764 certainty.

350 2782 427 2839 This
441 2787 509 2857 part
522 2783 548 2837 is
563 2781 654 2838 taken
669 2780 746 2839 from
759 2781 943 2849 Sanderson,
957 2782 1059 2839 whose
1071 2790 1198 2841 account
1209 2784 1235 2841 is
1247 2785 1398 2860 infinitely

350 2879 464 2936 clearer
484 2879 558 2935 than
578 2878 643 2935 that
658 2877 692 2934 of
701 2877 833 2934 Aldrich.
878 2888 895 2911 ‘⁴
906 2878 1136 2935 Demonstratio
1151 2888 1198 2937 est
1215 2879 1398 2956 Syllopismus

341 2978 455 3052 socians
489 2979 564 3034 scire.
622 2976 705 3033 Scire
740 2984 841 3033 autem
880 2975 1119 3050 unumquodque
1154 2977 1292 3046 dicimur,
1328 2984 1398 3035 curn'

350 3092 473 3132 causam
495 3074 705 3149 cognoscimus
726 3081 850 3149 propter
870 3092 960 3148 quam
983 3091 1032 3131 res
1060 3080 1114 3140 est,
1139 3073 1220 3148 quod
1247 3074 1329 3131 illius
1352 3075 1397 3131 rei

350 3188 444 3229 causa
455 3171 502 3238 sit,
517 3189 574 3228 nec
588 3171 687 3245 possit
699 3189 748 3228 res
763 3170 850 3228 aliter
864 3189 896 3227 se
910 3170 1031 3227 habere.
1071 3169 1162 3227 Unde
1177 3169 1288 3244 duplex
1302 3171 1400 3226 oritur

352 3267 487 3324 scientiae
516 3266 686 3324 certitudo:
724 3266 818 3324 altera
845 3266 964 3342 objecti,
989 3266 1038 3323 vel
1064 3267 1173 3333 scibilia
1202 3264 1323 3340 quando
1352 3265 1396 3323 rei

351 3381 442 3420 causa
468 3363 605 3437 proxima
632 3361 884 3436 apprehenditur:
921 3363 1015 3419 altera
1042 3362 1178 3439 subjecti,
1206 3363 1254 3420 vel
1280 3363 1396 3427 scicntia,

351 3458 473 3534 quando
489 3459 588 3515 sciens
603 3465 702 3515 certus
717 3466 765 3514 est
777 3476 842 3514 rem
856 3477 920 3515 non
930 3477 1021 3533 posse
1033 3459 1120 3516 aliter
1131 3477 1164 3516 se
1177 3459 1297 3517 habere.
1341 3459 1400 3516 Per

352 3557 437 3613 illam
464 3555 660 3630 distinguitur
685 3557 800 3612 retemta
827 3556 864 3612 ab
885 3577 993 3614 erroro:
1020 3575 1076 3631 per
1100 3546 1180 3615 hanc
1202 3557 1239 3614 ab
1260 3558 1396 3630 opinione,

352 3671 420 3728 quae
435 3650 564 3708 includit
578 3652 610 3707 in
629 3651 745 3708 ratione
761 3653 808 3708 sui
827 3651 1021 3710 formidinem
1041 3653 1199 3728 oppositi.''
1239 3653 1332 3710 From
1346 3653 1399 3709 the

353 3750 446 3807 above
461 3754 589 3805 account
602 3747 627 3803 it
640 3748 666 3803 is
682 3747 762 3804 clear
775 3749 841 3805 that
852 3750 936 3807 there
951 3769 1008 3808 can
1018 3751 1057 3807 be
1067 3769 1109 3808 no
1121 3750 1246 3826 degrees
1258 3747 1292 3805 of
1302 3749 1399 3806 either

354 3846 518 3920 Certainty.
561 3845 622 3900 For
635 3862 694 3920 any
705 3845 838 3903 obstacle
850 3865 882 3903 as
893 3847 1016 3923 regards
1028 3847 1080 3905 the
1092 3847 1199 3923 object,
1209 3845 1334 3904 readers
1347 3846 1400 3903 the

353 3943 544 4020 proposition
555 3960 596 3998 no
607 3942 714 4018 longer
725 3944 846 4011 certain,
857 3945 912 4001 but
923 3944 1078 4012 doubtful;
1097 3963 1156 4021 any
1167 3943 1399 4002 consciousness

354 4041 389 4099 of
405 4041 480 4098 such
494 4041 526 4096 in
542 4039 593 4096 the
614 4039 738 4115 subject,
753 4040 879 4099 reduces
895 4043 946 4100 the
961 4049 1037 4099 state
1052 4041 1087 4099 of
1101 4042 1188 4099 mind
1204 4041 1283 4098 from
1302 4040 1401 4098 know-

354 4136 443 4213 ledge
457 4143 489 4194 to
503 4135 638 4210 opinion.
681 4135 748 4192 The
764 4154 847 4193 same
862 4155 931 4213 may
945 4138 983 4195 be
998 4138 1064 4195 said
1078 4137 1112 4195 of
1122 4136 1285 4204 Evidencc,
1301 4137 1333 4192 in
1347 4136 1401 4193 the

354 4249 465 4306 proper
485 4230 650 4288 limitation
669 4229 703 4288 of
721 4230 772 4287 the
794 4237 879 4287 term.
925 4231 1151 4307 Aproposition
1166 4240 1222 4290 not
1234 4243 1329 4307 sponte
1339 4252 1402 4304 per-

354 4331 478 4402 spicuam
492 4346 561 4402 may
575 4327 613 4383 be
628 4327 750 4392 certain,
766 4327 821 4383 but
835 4328 861 4384 is
875 4334 930 4385 not
944 4328 1073 4387 evident.
