3082 5130
250 433 297 505 60
644 459 748 508 nans
767 459 903 508 Locren

247 631 345 704 enirn
367 631 401 703 B
427 634 604 707 terminus
630 633 835 706 communis
857 633 896 704 in
922 631 946 703 b
975 638 1013 702 et
1037 630 1067 715 β
1090 630 1293 720 divisibilis;

247 756 347 851 Ergo
364 755 389 826 b
407 763 445 828 et
464 755 493 843 β
511 765 598 830 sunt
624 756 815 853 opposita:
842 763 879 827 et
902 762 1028 825 tamen
1051 777 1136 826 vere
1162 755 1296 830 dicitur

244 877 408 974 Aliquod
442 880 473 950 B
508 888 564 952 est
597 880 621 952 b
656 886 693 950 et
726 877 890 974 Aliquod
924 877 955 949 B
990 887 1045 948 est
1077 878 1116 963 β.
1170 880 1294 958 Quare

244 1004 394 1100 aliquod
412 1006 443 1076 B
461 1013 518 1078 est
536 1005 704 1078 Medium
721 1028 868 1100 anceps„

294 1127 328 1199 5.
356 1128 480 1206 Quare
505 1128 673 1200 Medium
698 1127 736 1199 in
759 1125 954 1222 praemissis
979 1124 1092 1196 semel
1116 1125 1164 1198 ad
1186 1126 1292 1199 mini-

242 1273 346 1321 mum
369 1249 535 1322 distribui
560 1250 692 1334 debet;
722 1249 857 1321 sufficit
884 1257 1022 1334 tamen,
1039 1248 1069 1320 si
1092 1248 1152 1321 vel
1177 1251 1291 1322 semel

242 1370 490 1445 distribuatur.
549 1373 648 1445 Nam
680 1372 712 1444 1.
742 1371 789 1443 ad
822 1370 1053 1467 probandum
1087 1371 1122 1442 A
1156 1380 1211 1443 est
1247 1373 1290 1459 C,

242 1494 436 1566 conveniat
468 1495 498 1566 C
528 1494 636 1566 alicui
666 1495 709 1579 B,
737 1500 775 1564 et
807 1493 842 1564 A
876 1492 999 1576 omni3
1035 1493 1136 1589 Ergo
1171 1494 1290 1566 eidem

241 1614 349 1687 alicui
383 1616 433 1688 B:
468 1618 569 1713 Ergo
597 1615 751 1689 affertur
783 1638 900 1686 unum
934 1614 1084 1710 aliquod
1117 1615 1289 1712 idemque

239 1737 391 1810 tertium
425 1740 488 1812 &a
540 1739 575 1811 2.
609 1739 656 1811 ad
697 1737 929 1834 probandum
968 1737 1003 1808 A
1042 1762 1120 1810 non
1155 1747 1210 1811 est
1245 1741 1289 1826 C,

240 1861 435 1934 conveniat
465 1860 496 1933 O
528 1862 635 1934 alicui
666 1863 709 1948 B,
739 1869 777 1933 et
806 1861 841 1932 A
868 1860 1014 1933 differat
1039 1862 1157 1947 omni;
1188 1863 1288 1960 Ergo

240 1985 359 2058 eidem
376 1986 484 2059 alicui
502 1987 552 2061 B:
584 1988 684 2083 Ergo
702 1986 856 2059 affertur
873 1987 935 2059 &a

289 2109 325 2182 6.
351 2109 548 2182 Processus
592 2108 638 2180 ab
680 2115 848 2180 extremo
892 2133 969 2180 non
1013 2108 1207 2182 distributo
1249 2111 1288 2183 in

237 2232 445 2329 praemissis,
480 2232 528 2305 ad
561 2232 659 2304 idem
694 2230 928 2303 distributum
965 2231 1004 2303 in
1038 2233 1287 2322 conclusione,

237 2354 388 2426 vitiosus
414 2360 479 2426 est.
542 2353 640 2425 Nam
667 2377 714 2425 ex
740 2353 857 2450 aliquo
885 2378 962 2426 non
993 2355 1157 2450 sequitur
1179 2381 1287 2430 omne.

239 2478 330 2549 Esto
357 2477 454 2548 enim
478 2500 607 2549 verum
624 2475 726 2572 quod
749 2475 917 2571 aliquod3
946 2478 1046 2573 Ergo
1063 2486 1187 2574 potest
1205 2503 1284 2551 esse

236 2622 365 2678 venun
400 2597 501 2695 quod
541 2598 692 2695 aliquod
724 2623 819 2684 non;
867 2600 972 2696 (nam
1013 2599 1285 2676 Subcontrariae

236 2730 392 2819 possunt
415 2746 494 2795 esse
520 2721 628 2794 simul
652 2722 787 2815 veraez)
817 2723 918 2817 Ergo
942 2722 988 2794 de
1014 2722 1137 2819 aliquo
1160 2732 1285 2820 potest

235 2845 408 2918 affirmari
432 2845 532 2941 quod
556 2868 634 2916 non
658 2844 704 2916 de
730 2844 840 2917 omni.
893 2846 985 2917 Esto
1008 2869 1133 2918 rursus
1156 2869 1285 2920 verum

236 2968 337 3065 quod
360 2968 509 3064 aliquod
533 2992 629 3041 non:
661 2969 761 3064 Ergo
782 2974 905 3063 potest
929 2991 1008 3039 esse
1032 2992 1160 3041 verum
1178 2970 1279 3065 quod

234 3089 403 3188 aliquod:
436 3092 535 3188 Ergo
560 3090 606 3164 de
630 3090 754 3185 aliquo
778 3097 905 3187 potest
929 3091 1056 3186 negari
1081 3092 1183 3187 quod
1205 3117 1283 3178 non

234 3213 280 3287 de
298 3214 409 3287 omni.

143 3405 149 3417 .
196 3403 203 3418 .
286 3338 320 3414 7.
347 3337 548 3410 Praemissis
570 3336 790 3433 negantibus
813 3337 906 3410 nihil
930 3338 1131 3434 probatur:
1164 3338 1283 3411 Affer-

94 3469 100 3481 ·
145 3468 186 3481 ··
234 3469 296 3534 tur
319 3461 416 3533 enim
441 3460 591 3532 tertium
615 3461 675 3533 cui
690 3469 890 3556 utrumque
909 3469 1116 3533 extremum
1134 3461 1280 3547 differt;

236 3609 313 3658 non
338 3592 462 3658 autem
486 3584 546 3656 cui
566 3584 626 3657 vel
647 3591 846 3680 utrumque
865 3586 1071 3672 conveniat,
1087 3586 1148 3660 vel
1163 3611 1281 3660 unum

235 3707 442 3793 conveniat,
459 3706 617 3779 alterum
633 3705 789 3778 differat.

284 3830 319 3902 8.
346 3829 384 3902 Si
399 3828 671 3927 praemissarum
689 3829 803 3901 altera
820 3829 867 3902 sit
882 3831 1064 3927 negativa,
1083 3831 1151 3903 erit
1168 3830 1279 3904 etiam

234 3952 443 4026 Conclusio.
488 3953 587 4025 Nam
602 3953 874 4051 praemissarum
890 3954 1032 4050 reliqua
1049 3964 1106 4028 est
1122 3955 1280 4028 affirma·

231 4123 363 4196 promise
384 4123 418 4181 in
438 4122 488 4201 fig.
515 4127 542 4181 2.
564 4124 710 4201 negative,
725 4124 752 4181 is
776 4123 948 4200 equivalent
971 4131 1003 4183 to
1024 4143 1043 4184 a
1062 4126 1128 4184 rule
1150 4125 1197 4183 for
1218 4125 1275 4185 dis·

231 4218 379 4297 tributing
389 4220 440 4277 the
454 4220 569 4279 middle
582 4228 669 4279 term.
705 4220 773 4279 The
783 4220 946 4296 particular
956 4222 1175 4281 conclusionin
1185 4223 1235 4300 fig.
1249 4226 1275 4280 3,

230 4314 264 4377 in
277 4313 338 4372 like
352 4334 482 4374 manner
494 4316 608 4375 forbids
624 4334 661 4375 an
676 4315 765 4374 illicit
776 4333 899 4391 process
913 4315 948 4374 of
957 4317 1009 4375 the
1023 4317 1125 4376 minor
1138 4325 1224 4377 term.
