3082 5130
550 466 781 518 aunrnsnm.
1142 444 1188 522 47

140 669 215 720 ore.
266 646 301 718 3.
328 643 525 717 Socrates¹
547 654 597 716 est
623 652 661 718 et
685 669 753 716 non
775 654 824 716 est
842 650 1030 717 comatus:
1057 666 1189 740 nempe

141 780 202 857 est,
221 769 269 841 ad
291 767 513 865 Scipionem,
529 791 597 839 non
621 778 683 855 est,
704 767 750 840 ad
777 766 1067 863 Xenophontem
1089 792 1189 841 com-

140 900 301 990 paratus.
352 897 388 964 4.
407 892 545 965 Nestor
562 903 612 963 est
630 900 668 964 et
683 916 751 963 non
768 901 819 963 est
836 915 967 964 senex:
994 889 1065 962 Est
1078 890 1188 979 enim,

141 1016 172 1089 si
205 1016 252 1088 do
291 1015 399 1088 tertia
439 1013 518 1111 ejus
559 1022 681 1102 aetate,
716 1040 784 1087 non
818 1025 879 1101 est,
913 1014 943 1088 si
984 1015 1030 1088 de
1070 1016 1189 1113 prima

140 1139 313 1236 loqueris.

191 1263 226 1336 2.
255 1262 459 1336 Contrarias
473 1264 517 1338 A.
532 1265 576 1337 E.
593 1265 631 1337 in
644 1263 748 1336 nulla
765 1263 872 1336 simul
890 1287 1006 1348 verae3
1033 1263 1071 1336 in
1091 1265 1189 1338 Con-

140 1387 309 1484 tingenti,
335 1386 443 1460 simul
470 1388 592 1474 falsee3
627 1388 666 1461 in
697 1388 838 1474 ceteris,
864 1412 940 1461 una
972 1412 1071 1476 vera,
1098 1389 1190 1462 falsa

141 1510 274 1596 altera3
301 1534 436 1607 nempe
461 1511 499 1583 in
526 1511 754 1599 Necessaria,
775 1535 862 1584 vera
886 1513 932 1599 A,
954 1511 1046 1585 falsa
1071 1513 1123 1598 E;
1150 1512 1188 1585 in

140 1632 365 1732 impossibili,
382 1657 469 1707 vera
487 1635 532 1720 E,
548 1634 639 1708 falsa
655 1635 700 1707 A.

191 1757 226 1829 3.
252 1755 524 1829 Subcontrariae
568 1758 598 1830 Ι.
634 1758 679 1830 Ο.
715 1758 752 1830 in
794 1758 1043 1853 Contingenti,
1081 1758 1188 1831 simul

140 1894 257 1964 terae3
283 1879 322 1951 in
343 1876 447 1951 nulla
469 1880 578 1953 simul
594 1880 715 1965 falsae3
743 1880 779 1952 in
800 1881 1026 1966 Necessaria,
1044 1905 1131 1953 vera
1157 1882 1186 1955 Ι.

141 1996 233 2089 falsa
250 2003 303 2088 03
329 2003 367 2075 in
385 1987 610 2100 impossibili,
627 2027 714 2076 vera
731 2004 775 2077 Ο.
792 2002 884 2076 falsa
901 2005 932 2077 Ι.

192 2126 226 2199 4.
253 2127 484 2200 Subalternae
507 2129 552 2201 A.
572 2129 602 2201 Ι.
626 2128 685 2202 vel
711 2129 755 2200 E.
774 2129 819 2200 O.
837 2135 875 2200 et
899 2126 1007 2200 simul
1024 2150 1133 2214 verae,
1151 2136 1189 2202 et

140 2250 250 2324 simul
273 2250 388 2338 falsae,
406 2259 444 2323 et
463 2275 539 2324 una
563 2275 662 2338 vera,
678 2250 769 2324 falsa
790 2251 905 2324 altera
927 2275 1005 2324 esse
1022 2259 1188 2349 possunt

143 2375 241 2447 Nam
263 2375 301 2447 iu
326 2375 363 2448 N
366 2376 555 2462 ecessaria,
573 2375 681 2448 simul
702 2400 798 2447 verae
826 2382 911 2448 sunt
932 2377 976 2449 A.
996 2377 1034 2462 Ι;
1061 2377 1099 2449 in
1117 2375 1191 2448 Im-

141 2497 315 2595 possibili,
332 2498 439 2571 simul
465 2523 562 2571 verae
587 2499 630 2571 Ε.
650 2500 702 2583 Ο;
730 2499 768 2570 in
793 2499 933 2586 eadem,
951 2500 1059 2572 simul
1075 2499 1190 2586 falsae,

141 2621 186 2695 A.
205 2622 235 2696 Ι.
263 2631 300 2695 et
322 2623 363 2694 in
390 2624 618 2711 Necessaria,
635 2624 742 2696 simul
764 2623 865 2696 falsae
894 2625 937 2696 E.
957 2624 1009 2710 0;
1036 2625 1073 2696 in
1094 2625 1191 2696 Con-

140 2745 310 2842 tingenti,
337 2747 504 2844 (propter
529 2748 575 2820 A.
596 2748 639 2820 Ε.
666 2747 787 2833 falsas,
815 2749 845 2821 I.
870 2749 914 2822 Ο.
941 2750 1062 2842 veras)
1089 2749 1134 2821 A.
1160 2746 1189 2823 I.

141 2869 201 2943 vel
219 2871 263 2944 Ε.
282 2871 326 2945 Ο.
344 2879 431 2943 sunt
448 2895 523 2944 una
540 2894 638 2956 vera,
654 2870 746 2944 falsa
762 2870 888 2945 altera.

192 2993 352 3066 Possunt
378 2994 489 3066 etiam
514 2993 619 3066 aliter
644 2993 683 3065 hi
711 2994 884 3067 Canones
915 2994 1191 3092 Oppositarum,

181 3353 193 3379 ¹
212 3341 338 3400 Aldrioh
351 3344 407 3401 has
421 3351 477 3402 not
489 3345 591 3404 before
605 3346 783 3404 mentioned
798 3347 849 3404 the
864 3346 1036 3422 opposition
1051 3346 1085 3405 of
1096 3348 1188 3423 sinyu

142 3441 208 3496 lars.
252 3438 420 3498 “Socrates
435 3441 462 3498 is
476 3442 573 3509 wise,'’
594 3443 761 3502 “Socrates
776 3444 802 3501 is
816 3451 871 3501 not
884 3444 982 3502 wise.”
1022 3445 1124 3504 These
1138 3465 1188 3504 are

141 3534 402 3603 contradictories;
425 3537 542 3614 though
552 3540 604 3596 the
617 3538 775 3598 definition
787 3539 860 3598 does
874 3547 929 3598 not
940 3541 1056 3618 strictly
1066 3542 1189 3601 include

140 3633 234 3701 them,
249 3633 362 3711 having
374 3635 595 3714 inadvertently
607 3637 687 3695 been
700 3637 821 3696 worded
841 3638 936 3715 solely
949 3639 1022 3702 with
1035 3639 1188 3699 reference

139 3732 172 3784 to
186 3725 362 3785 universals.
406 3727 469 3785 But
486 3730 559 3806 they
571 3730 647 3786 have
665 3730 717 3787 the
733 3732 877 3790 assentiat
896 3732 1010 3791 feature
1025 3733 1059 3792 of
1074 3743 1188 3794 contra·

141 3822 290 3890 dictorles,
303 3824 369 3881 that
383 3842 441 3881 one
456 3825 482 3882 is
495 3825 605 3901 always
620 3832 695 3892 true,
712 3825 772 3883 and
786 3827 837 3884 the
852 3829 940 3885 other
953 3828 1027 3887 false
1035 3850 1042 3897 ;
1062 3830 1111 3910 (de
1126 3831 1186 3888 Int.

141 3920 168 3984 7,
185 3916 225 3995 8.)
239 3918 299 3976 and
313 3920 365 3976 the
380 3919 539 3977 definition
554 3920 650 3996 given,
665 3920 752 3978 Anal.
769 3921 849 3979 Post.
865 3923 884 3979 i.
901 3926 928 3981 2.
946 3925 972 3980 6.
987 3924 1047 3981 will
1065 3925 1188 3984 include

139 4004 225 4070 'them
238 4015 440 4089 2-Ἀνι-ίφασις
468 4018 497 4071 δὲ
523 4016 653 4074 ἀντίθεσις
681 4016 712 4086 ἧς
738 4019 783 4072 οὐκ
811 4021 869 4074 ἔστι
896 4021 992 4090 μεταξὺ
1020 4021 1075 4078 καθ
1102 4021 1188 4093 αὑτήν.

137 4106 233 4168 Some
257 4109 420 4186 Logicians
445 4108 501 4166 call
522 4110 575 4166 the
599 4111 773 4185 opposition
797 4111 832 4167 of
855 4112 1015 4188 singulam,
1037 4116 1189 4190 secondum

139 4210 351 4266 contradiction.
404 4205 561 4273 Boethius,
589 4224 618 4282 p.
647 4209 714 4275 613,
744 4207 867 4283 regards
900 4209 984 4266 them
1012 4227 1045 4268 as
1072 4217 1187 4268 contra-

140 4300 291 4362 dictorios,
334 4300 392 4361 see
407 4301 471 4359 also
485 4301 601 4369 Willis,
616 4302 668 4359 lib.
684 4302 714 4359 ii.
730 4319 792 4377 cap.
809 4305 836 4360 5.
