3082 5130
659 503 888 554 nunrunum.
1226 478 1293 552 101

191 696 192 701 ’
241 669 243 675 ’
297 678 421 777 Atque
445 680 545 767 hinc,
561 704 700 767 rursus,
717 673 931 751 Ecidcatiuh
956 677 1190 750 multifariam
1208 654 1297 750 divi}

201 822 204 827 ·
247 801 357 874 ditur.
410 803 484 875 Sed
503 812 631 877 nostro
654 803 789 876 sufficit
812 801 993 888 institut0,
1012 801 1112 898 quod
1136 800 1231 887 haec,
1249 801 1295 873 de

249 950 323 1022 qua
357 927 555 1024 loquimur,
598 927 861 1025 Propositionis
899 925 1103 1012 litidedun,
1143 926 1202 998 vel
1240 936 1296 998 est

250 1052 282 1123 1.
301 1050 501 1124 Aciomotis
514 1061 644 1148 sponte
657 1052 860 1154 perspicui3
889 1051 947 1123 cui
959 1051 1112 1147 proinde
1126 1051 1202 1123 sine
1219 1052 1297 1126 ulla
1351 1084 1356 1092 ·

242 1178 460 1274 probatione
477 1178 712 1251 assentimur:
736 1178 804 1279 'vel
822 1179 856 1249 2.
877 1175 1113 1249 Conclusionis
1131 1172 1182 1250 'ab
1200 1179 1294 1275 ejus·

246 1301 345 1374 modi
375 1303 618 1376 axiomatibus
653 1301 866 1396 (immediate
899 1324 947 1373 an
981 1300 1129 1372 mediate
1161 1327 1293 1399 parum

244 1425 367 1513 refert,
396 1427 525 1523 modo)
555 1428 624 1501 rite
654 1426 835 1499 deductae.
888 1426 986 1497 Nam
1020 1451 1105 1498 cum
1131 1427 1213 1499 'una
1247 1426 1294 1499 sit

245 1550 399 1637 Veritas,
417 1551 483 1623 sibi
501 1560 687 1636 constanS,
704 1559 862 1646 apteque
881 1549 1090 1634 cohaerens3
1118 1550 1293 1647 quodque

246 1699 385 1762 verum,
413 1675 472 1748 vel
500 1699 566 1771 per
596 1698 635 1746 se
661 1681 804 1745 certum
831 1680 942 1768 atque
971 1673 1120 1745 evidens
1150 1674 1207 1760 sit,
1234 1675 1293 1747 vel

246 1823 331 1870 cum
357 1797 476 1870 effatis
501 1796 719 1893 quibusdam
744 1795 850 1867 certis
868 1803 905 1867 et
923 1795 1151 1868 evidentibus
1167 1821 1294 1869 neces·

247 1923 340 1994 sario
360 1944 588 2005 connexum3
625 1919 680 2005 fit,
709 1928 753 1990 ut
783 1919 1054 2014 quamprimum
1088 1920 1293 2017 apprehen-

245 2044 344 2117 ditur
369 2045 451 2116 haec
475 2042 669 2128 connexio
687 2043 815 2114 eadem
839 2042 963 2114 omnia
986 2043 1088 2137 quasi
1112 2042 1195 2116 luce
1212 2069 1294 2141 per·

246 2168 338 2255 fusa,
355 2191 482 2263 parem
500 2166 655 2264 (specie)
675 2174 949 2261 consequantur
966 2189 1165 2239 assensum.

298 2372 303 2386 1

299 2420 332 2514 §.
352 2419 385 2490 4.
413 2418 488 2498 QUI
521 2425 719 2514 postremae
758 2415 845 2488 huic
881 2416 1074 2489 evidentiae
1115 2417 1293 2514 competit
1301 2456 1351 2568 ini
1361 2455 1431 2567 ξω

244 2565 412 2614 assensus
429 2541 527 2637 apud
541 2540 697 2636 Logicos
715 2547 868 2613 vocatur
879 2540 1045 2613 Scientia.
1098 2543 1167 2614 Est
1182 2542 1294 2638 igitur
1302 2555 1325 2633 1]
1335 2555 1360 2632 4]
1372 2555 1394 2631 1]

246 2665 408 2738 Scientia
432 2666 657 2736 conclusionis
682 2675 785 2735 ccrtoe
808 2674 840 2735 et
864 2664 1041 2752 evidentis,
1059 2691 1081 2738 a
1097 2667 1294 2765 praemissis

245 2790 352 2862 certis
387 2798 425 2861 et
459 2787 686 2875 evidentibus
720 2787 882 2883 legitime
916 2784 1111 2862 deductaei.
1178 2791 1295 2862 Certi-

245 2914 410 2986 tudinem
444 2938 531 2987 vero
565 2920 761 3008 utramque
795 2910 983 3008 intellig03
1025 2922 1082 3019 et*
1096 2922 1292 3011 utramque

245 3037 339 3130 (tam
366 3035 510 3133 Objecti
537 3035 675 3108 scilicet
705 3059 817 3130 quam
848 3034 1028 3130 Subjecti)
1060 3036 1291 3110 evidentiam.

283 3293 469 3350 hEvidence
497 3293 523 3348 is
550 3293 623 3348 here
652 3290 801 3348 extended
829 3309 863 3348 so
888 3309 921 3348 as
946 3299 977 3348 to
999 3291 1120 3349 include
1141 3300 1197 3349 not
1220 3295 1293 3371 only

243 3391 402 3448 axiomatic
434 3389 491 3445 but
528 3386 755 3445 demonstrated
792 3388 1007 3460 propositions.
1064 3389 1142 3446 This
1175 3390 1291 3448 licence

243 3486 368 3543 Aldrioh
392 3486 523 3560 perhaps
544 3484 616 3541 took
636 3483 714 3541 from
740 3482 978 3560 Grakanthorpe,
1000 3485 1067 3542 who
1093 3505 1164 3544 uses
1185 3490 1292 3546 certain

244 3583 305 3640 and
325 3584 432 3640 eciderit
452 3601 484 3639 as
506 3599 712 3657 synonymous
732 3589 841 3647 terms;
866 3582 981 3640 buthe
1001 3582 1123 3658 depurts
1142 3583 1220 3641 from
1240 3586 1290 3644 his

241 3681 390 3756 principnl
405 3681 564 3755 authority,
581 3679 765 3746 Sunderson,
781 3679 842 3737 and
862 3680 888 3736 is
907 3680 1110 3738 inconsistent
1123 3682 1195 3739 with
1214 3683 1290 3740 him·

242 3777 306 3835 self.
348 3778 471 3834 Eiidem
496 3776 607 3833 should
628 3776 666 3833 be
685 3775 803 3832 limited
825 3782 856 3833 to
878 3776 930 3833 the
950 3777 1074 3845 axioms„
1089 3779 1141 3835 the
1161 3780 1290 3856 original

241 3875 389 3948 premises
404 3873 437 3930 of
448 3873 706 3938 demonstration;
728 3875 843 3939 certain,
859 3880 890 3929 to
905 3873 956 3930 the
972 3874 1157 3932 conclusion.

282 3972 288 4005 ⁵
309 3970 339 4026 It
349 3970 449 4028 would
463 3971 500 4027 be
511 3971 610 4027 better
623 3977 654 4027 to
666 3989 726 4047 say,
740 3970 971 4028 “conclusionis
984 3979 1081 4038 certae,
1093 3991 1110 4029 a
1120 3973 1289 4047 praemissis

243 4066 332 4124 certis
347 4066 394 4122 vel
408 4065 623 4122 evidentibus.”
664 4067 730 4123 The
744 4067 893 4141 premises
915 4068 948 4123 in
963 4067 1205 4127 demonstration
1219 4089 1289 4146 may
1395 4091 1399 4097 ’

241 4164 279 4221 be
294 4163 452 4220 axiomatic
465 4163 639 4236 principles
649 4181 683 4219 or
696 4163 749 4220 the
760 4164 953 4221 conclusione
965 4164 999 4242 of
1008 4166 1148 4239 previous
1164 4166 1287 4224 demon-

243 4260 394 4318 stratione.
437 4258 476 4314 In
490 4258 564 4315 both
579 4276 662 4316 cases
682 4259 734 4317 the
748 4259 844 4316 result
860 4260 886 4316 is
904 4261 1028 4327 scicntia,
1044 4261 1161 4338 though
1181 4263 1213 4319 in
1235 4264 1287 4321 the

242 4358 331 4416 latter
346 4358 396 4415 the
411 4352 692 4414 demonstrationis
707 4364 761 4413 not
769 4358 924 4430 potissima.
