3082 5130
327 426 373 504 78
719 450 824 500 sarrs
842 450 980 501 aaaron

325 632 462 698 stratur
478 625 516 698 in
535 624 711 720 Barbara)
725 648 814 720 ergo
826 626 1112 699 contradictoria
1128 626 1375 702 conclusionis

326 771 470 846 semper
486 747 595 821 falsa:
623 771 710 844 ergo
729 747 916 821 conclusio
934 749 1014 846 ipsa
1031 772 1175 846 semper
1192 773 1291 824 vera.

379 871 601 969 [Reducitur
643 871 754 944 etiam
796 869 949 967 quilibet
990 872 1123 944 modus
1164 873 1375 962 innominis,

325 996 424 1069 facto
451 995 552 1091 quod
577 995 799 1093 praecipitur,
817 995 865 1068 ad
887 996 1094 1094 praemissas
1118 997 1173 1069 sui
1199 998 1376 1072 subalter-

326 1118 458 1191 nantis.
510 1119 609 1191 Tum
642 1142 729 1190 vero
765 1118 965 1206 conclusio,
1001 1144 1085 1216 quae
1120 1119 1303 1217 colligitur
1336 1122 1373 1195 in

327 1243 455 1341 prima,
473 1242 541 1314 erit
566 1242 626 1315 vel
646 1241 824 1338 expositae
847 1242 1114 1330 subalternam,
1131 1244 1190 1316 vel
1206 1245 1244 1317 in
1263 1270 1376 1343 expo·

328 1367 436 1440 sitam
452 1389 519 1463 per
536 1364 707 1438 accidens
725 1372 973 1439 convertetur.

168 1512 216 1559 nn.
225 1511 268 1559 Pr.
280 1511 303 1559 1.
379 1485 651 1562 Reductiones¹¹
697 1490 798 1585 (cum
832 1489 961 1587 primae
1002 1489 1050 1563 ad
1089 1491 1260 1587 reliquas,
1294 1499 1375 1565 tum

168 1578 208 1623 ω’
220 1577 243 1624 1’
328 1637 455 1686 earum
480 1612 528 1685 ad
554 1636 592 1684 se
614 1612 789 1707 invicem)
810 1612 905 1685 bene
928 1613 1077 1701 multas,
1094 1615 1196 1711 quod
1213 1624 1251 1688 et
1269 1616 1375 1690 obvia

328 1737 411 1824 sint,
441 1744 480 1809 et
505 1736 674 1809 instituto
699 1760 784 1808 meo
814 1736 936 1808 minus
967 1739 1195 1826 necessariae,
1224 1747 1374 1836 praeter-

169 1877 217 1925 An·
227 1877 268 1926 Pr·
280 1877 303 1925 1·
327 1861 446 1934 mitto,
511 1859 611 1934 lllud
647 1867 773 1933 tamen
811 1868 945 1933 notatu
985 1861 1137 1958 dignum
1171 1871 1238 1951 est,
1274 1864 1374 1960 quod

169 1943 227 1990 Μ’
327 2009 413 2059 cum
430 1986 542 2058 Darii
568 1984 615 2057 ad
645 1983 850 2072 Camestres,
868 1992 906 2057 et
928 1984 1034 2057 Fato
1051 1987 1099 2059 ad
1119 1987 1246 2062 Cesare
1267 1989 1375 2061 redu-

327 2117 433 2183 catur
454 2133 521 2206 per
544 2108 779 2206 impossibile,
796 2116 953 2205 uterque
973 2109 1084 2206 igitur
1109 2110 1157 2184 ad
1186 2111 1349 2184 celarent
1358 2141 1374 2198 ,·

327 2235 519 2344 omnisque
533 2235 626 2307 adeo
638 2234 771 2306 modus
784 2234 973 2308 reducitur
986 2234 1033 2308 ad
1046 2235 1139 2309 duos
1151 2236 1374 2309 universales

326 2359 484 2458 primae]

379 2543 412 2637 §.
432 2540 466 2613 8.
494 2541 730 2612 Psasrrcuun
749 2546 805 2611 est
823 2563 870 2610 ex
888 2539 1082 2614 antedictis

377 2665 407 2738 I.
435 2663 673 2762 Syllogismos
699 2662 893 2759 simplices
910 2671 1013 2736 certo
1031 2672 1143 2760 atque
1169 2667 1374 2740 necessario

329 2787 605 2873 concludentes
623 2786 702 2858 fieri
719 2787 767 2857 24
786 2785 927 2859 modis:
956 2787 979 2858 6
996 2786 1034 2859 in
1053 2786 1216 2882 qualibet
1233 2788 1361 2882 figura.

169 2939 218 2986 an.
230 2937 271 2985 Pr.
283 2937 306 2986 1.
379 2913 431 2986 II.
459 2913 510 2984 Et
525 2911 564 2984 in
582 2910 704 3007 aliquo
721 2909 876 2982 istorum
892 2909 1089 2983 modorum
1105 2911 1251 3008 probari
1267 2937 1374 3011 posse

169 3003 244 3051 ΞΜ
328 3034 604 3110 conclusionem
629 3033 830 3130 quamlibet
852 3033 897 3105 de
923 3033 1059 3119 inesse;
1087 3057 1221 3132 nempe
1242 3036 1276 3108 A
1298 3060 1374 3109 uno
1442 3068 1444 3070 ’

326 3159 452 3246 mod0,
480 3158 515 3229 E
547 3165 719 3255 quatuor,
751 3157 768 3230 Ι
804 3164 957 3254 septem,
988 3157 1021 3230 Ο
1052 3156 1272 3232 duodecimi.
1322 3159 1376 3233 Et

366 3320 379 3356 h
400 3317 444 3376 of
458 3317 544 3374 these
564 3314 747 3383 reductione,
762 3315 787 3372 it
807 3314 886 3373 need
908 3313 980 3390 only
993 3313 1031 3372 be
1051 3313 1206 3382 observed,
1221 3315 1288 3373 that
1303 3316 1375 3393 they

329 3433 379 3474 are
393 3415 465 3490 only
478 3413 613 3488 possible
626 3412 725 3469 where
747 3411 799 3468 the
819 3429 902 3468 same
921 3409 1060 3486 problem
1082 3428 1139 3468 can
1157 3410 1196 3469 he
1209 3410 1322 3487 proved
1341 3413 1374 3470 in

328 3510 403 3570 both
416 3509 529 3585 figures
539 3527 547 3574 ;
569 3507 666 3564 hence
681 3506 753 3582 only
765 3507 903 3582 negative
918 3506 1091 3582 syllogisms
1111 3524 1167 3564 can
1186 3508 1224 3565 be
1243 3507 1375 3566 reduced
1453 3557 1455 3561 ,

328 3614 360 3665 to
387 3605 440 3662 the
461 3602 574 3662 second
593 3601 698 3680 figure,
721 3600 782 3660 and
802 3602 874 3678 only
893 3602 1056 3678 particular
1077 3603 1248 3679 syllogisms
1270 3611 1302 3662 to
1322 3606 1375 3663 the

329 3701 419 3762 third.
461 3701 604 3768 Barbara,
619 3699 743 3766 Barata,
766 3697 826 3756 and
839 3699 984 3766 Balcardo,
1004 3706 1117 3758 cannot
1136 3699 1174 3758 be
1193 3702 1376 3778 ostensively

329 3799 461 3861 reduced
474 3806 505 3858 to
520 3817 580 3876 any
593 3798 681 3858 other
693 3796 797 3873 figure.

371 3901 378 3936 ¹
398 3898 558 3976 Rejecting
576 3897 628 3956 the
650 3896 752 3954 fourth
772 3893 868 3971 figure
890 3892 951 3952 and
972 3893 1024 3952 the
1044 3895 1200 3952 subaltem
1221 3895 1338 3962 moods,
1353 3895 1379 3952 it

331 3997 393 4056 will
412 3996 451 4054 be
471 3995 570 4053 better
589 4000 620 4051 to
642 4011 695 4068 say
708 3990 781 4048 with
793 3989 951 4056 Aristode;
974 3990 1001 4046 A
1015 3990 1041 4048 is
1055 3990 1168 4066 proved
1186 3991 1259 4068 only
1272 3991 1304 4049 in
1319 4009 1379 4050 one

332 4094 428 4171 figure
441 4089 502 4148 and
516 4107 574 4146 one
588 4087 689 4154 mood,
704 4087 731 4144 E
745 4086 778 4143 in
797 4092 855 4143 two
869 4083 981 4161 figures
1002 4085 1063 4143 and
1081 4086 1167 4144 three
1181 4085 1298 4153 moods,
1314 4087 1330 4144 I
1344 4087 1377 4144 in

332 4199 390 4250 two
404 4187 515 4264 figures
530 4185 591 4244 and
605 4185 672 4243 four
685 4181 802 4249 moade,
819 4181 845 4240 Ο
859 4181 893 4238 in
907 4180 994 4239 three
1003 4180 1116 4258 figures
1128 4171 1189 4242 'and
1203 4183 1250 4241 six
1259 4181 1376 4242 moods.

333 4287 394 4345 For
413 4284 474 4342 this
495 4299 612 4348 reason,
634 4280 661 4338 A
681 4280 707 4336 is
729 4276 867 4336 declared
889 4276 928 4352 by
948 4276 1092 4337 Aristotle
1114 4286 1145 4338 to
1166 4279 1204 4338 be
1225 4279 1278 4337 the
1298 4284 1379 4337 most
