3082 5130
297 415 342 486 16
687 443 790 492 Auris
809 444 946 493 nomon

134 630 188 679 αα.
202 633 275 680 10.1.
345 614 577 712 [Oppositio¹¹
594 619 822 709 incompleta,
840 619 915 691 sive
939 620 1181 693 terminorum
1204 620 1348 720 simpli-

292 737 402 825 cium,
432 748 488 811 est
514 740 664 813 omnino
692 741 948 839 quadruplex:
980 746 1010 815 1.
1036 740 1214 830 Relativo,
1244 742 1347 838 inter

290 863 466 936 terminos
491 863 675 950 relativos,
695 871 738 936 ut
763 862 909 935 Putrem
933 874 965 935 et
988 863 1132 936 Filium.
1183 865 1219 938 2.
1248 865 1345 940 Con-

292 990 417 1072 traria,
452 988 549 1061 inter
583 990 786 1071 contrarios,
817 987 839 1059 i.
858 1012 890 1060 e.
909 987 1098 1061 absolutos
1133 1012 1172 1060 se
1205 999 1343 1066 mutuo

290 1108 469 1204 pellentes
495 1135 542 1189 ex
569 1111 735 1207 subjecto
761 1110 971 1184 alterutrius
998 1113 1135 1210 capaci,
1152 1122 1194 1185 ut
1220 1113 1343 1187 album

291 1240 324 1301 et
346 1235 495 1325 ciprum.
548 1234 582 1304 3.
611 1232 803 1319 Privativa,
819 1233 916 1307 inter
938 1235 1157 1332 privativum
1181 1246 1219 1309 et
1241 1237 1344 1334 posi·

290 1354 419 1441 tivum,
448 1365 491 1428 ut
519 1356 688 1428 videntem
722 1366 755 1427 et
789 1382 925 1429 cocum.
979 1360 1013 1430 4.
1043 1357 1342 1450 Contradictorio,

290 1478 386 1551 inter
408 1479 605 1577 positivmn
632 1490 669 1553 et
695 1481 920 1577 negativum,
940 1482 1103 1578 intellige
1129 1482 1276 1557 finitum
1300 1495 1341 1559 et

289 1602 487 1691 infinitum,
500 1612 543 1676 ut
560 1604 729 1677 hominem
742 1617 774 1677 el
786 1606 1052 1680 oms-hominem.
1089 1608 1183 1680 Haec
1202 1615 1259 1680 est
1272 1635 1341 1708 op·

288 1726 513 1823 positionum
529 1728 701 1814 maxima,
714 1728 799 1823 quia
815 1728 960 1800 nullum
976 1728 1136 1802 admittit
1152 1729 1337 1819 medium;

134 1871 188 1920 oar.
200 1874 240 1921 10.
250 1873 274 1921 s.
290 1875 412 1947 neque
441 1851 742 1944 Participationis,
769 1851 876 1948 quale
909 1860 965 1924 est
994 1851 1138 1925 fuscum
1166 1864 1340 1951 respectu

291 1975 364 2046 albi
389 1984 427 2048 et
451 1978 545 2069 cipri
555 2003 569 2059 ;
596 1999 718 2071 neque
743 1972 1005 2067 Abnepotiouis,
1030 1975 1137 2071 quale
1163 1985 1219 2048 est
1244 1977 1339 2075 lapis

290 2098 571 2171 intercidentem
589 2107 626 2170 et
640 2122 778 2170 coecum.
831 2096 999 2170 Relativa
1016 2108 1156 2186 contra,
1170 2101 1338 2175 omnium
1355 2122 1358 2126 ’

290 2221 459 2305 minima;
490 2244 577 2292 nam
601 2221 734 2293 Relato
757 2245 833 2293 non
864 2230 950 2292 sunt
980 2223 1161 2318 opposita,
1185 2224 1258 2297 nisi
1287 2225 1337 2298 ad

287 2343 384 2415 idem
403 2343 621 2439 sumantur]

339 2466 373 2538 8.
400 2462 568 2546 Nomenl
588 2464 722 2535 Primo
747 2468 955 2552 intentionis,
980 2478 1036 2541 est
1061 2469 1144 2542 Vox
1169 2469 1206 2542 in
1233 2494 1338 2543 com-

286 2735 359 2791 with
379 2737 511 2808 opposito.
555 2736 655 2793 There
684 2752 733 2792 ure
754 2753 845 2811 many
866 2744 1052 2813 repugnante
1073 2739 1172 2795 which
1199 2756 1249 2795 are
1277 2746 1335 2797 not
1398 2723 1402 2729 ⁴
1446 2780 1449 2785 -

286 2829 429 2887 included
446 2830 544 2888 under
562 2849 622 2906 any
638 2830 672 2887 of
688 2831 856 2888 Aristotle's
875 2830 943 2889 four
962 2834 1067 2891 modes
1088 2833 1122 2891 of
1139 2834 1331 2909 oppositi0n;

286 2945 310 2984 e.
327 2944 354 3002 g.
370 2928 418 2983 red
433 2925 494 2983 ond
507 2928 568 2983 blue
582 2945 631 2983 are
645 2933 826 3000 repugnant,
841 2925 898 2983 but
911 2936 966 2985 not
979 2920 1122 3004 opposed.

325 3025 336 3060 ¹¹
357 3026 465 3100 Λέγεται
479 3027 507 3081 δὲ
518 3020 605 3099 ἕτερον
618 3025 696 3100 ἑτέρῳ
709 3026 867 3082 ἀντικεῖσθαι
880 3035 1018 3099 τετραχῶς,
1030 3028 1045 3098 ἦ
1056 3032 1090 3085 ὧς
1103 3030 1135 3084 τὰ
1144 3031 1210 3102 πρός
1222 3051 1256 3094 τι,
1269 3028 1286 3098 ἢ
1297 3031 1332 3086 ὣς

284 3127 317 3180 τὰ
343 3124 450 3188 ἐναντία,
474 3122 489 3192 ἢ
514 3126 548 3180 ὡς
575 3122 699 3196 στέρησις
719 3123 761 3176 καὶ
786 3122 847 3190 ἕξις,
869 3121 884 3192 ἢ
906 3125 940 3179 ὣς
959 3125 1106 3197 κατάφασις
1126 3126 1167 3179 καὶ
1186 3124 1331 3196 ἀπόφασις.

282 3219 433 3276 Ἀντίκειται
448 3220 476 3275 te*
490 3220 600 3274 ἕκαστον
616 3225 668 3274 τῶν
687 3216 808 3273 τοιούτων
826 3220 861 3275 ὣς
877 3218 949 3292 τύπῳ
967 3219 1096 3276 ciereinde
1114 3221 1161 3290 μὲν
1176 3219 1209 3274 τὸ
1227 3222 1293 3291 πρός
1306 3242 1332 3274 τι

283 3313 337 3371 οἶον
349 3318 379 3371 τὸ
393 3317 533 3371 διπλάσιον
545 3318 582 3388 τῷ
601 3315 697 3384 ἡμίσει,
712 3315 747 3370 ὡς
763 3314 792 3368 δὲ
804 3314 837 3367 τὰ
857 3313 965 3377 ἐναντία,
979 3310 1033 3368 οἷον
1046 3315 1076 3368 τὸ
1093 3316 1169 3369 κακὸν
1180 3311 1217 3388 τῷ
1230 3314 1329 3388 ἀγαθῷ,

283 3413 317 3468 ὣς
327 3413 359 3466 ’δὲ
372 3412 404 3465 τὸ
418 3411 481 3464 κατὰ
502 3410 627 3482 στέρησιν
646 3411 687 3463 καὶ
705 3409 768 3477 ἕξιν,
781 3406 836 3463 οἷον
854 3411 987 3481 τυφλότης
1006 3410 1047 3464 καὶ
1067 3410 1140 3482 ὄψις,
1154 3411 1188 3466 ὥς
1205 3410 1234 3464 δὲ
1252 3411 1330 3464 κατά·

283 3506 366 3574 φασις
379 3504 421 3556 καὶ
434 3503 578 3572 ἀπόφασις,
591 3497 645 3555 οἶον
658 3501 807 3570 κάθηται-οὗ
820 3504 934 3572 κάθηται.
957 3500 1020 3559 cat.
1036 3505 1081 3559 lO.
1097 3506 1121 3558 l.
1154 3499 1328 3560 contraries

283 3614 333 3652 ore
360 3595 413 3651 the
440 3599 498 3649 two
520 3599 601 3648 most
628 3593 766 3666 opposite
791 3595 931 3667 qualities
952 3595 986 3653 of
1009 3597 1061 3655 the
1087 3616 1169 3654 same
1198 3598 1284 3654 cluss
1297 3596 1332 3653 of
1426 3645 1429 3649 .

282 3692 424 3768 subjecto,
451 3708 475 3746 e.
496 3707 523 3764 g.
547 3690 625 3745 bloet
649 3688 817 3758 dudulim,
840 3710 872 3748 as
898 3694 1016 3752 colours
1037 3695 1071 3752 of
1091 3687 1214 3761 bodies3
1239 3695 1329 3750 virtue

282 3788 342 3845 und
359 3788 420 3854 uice,
436 3803 469 3842 ns
482 3783 583 3841 habits
598 3782 632 3841 of
643 3783 694 3841 the
710 3785 784 3841 soul.
822 3785 866 3844 of.
884 3786 947 3845 cat.
966 3794 1010 3846 11.
1028 3793 1053 3847 t.

321 3884 328 3919 ¹
348 3883 375 3938 A
385 3884 454 3956 first
472 3880 609 3936 intention
624 3898 694 3956 may
707 3879 745 3937 be
763 3880 883 3938 defined
899 3892 915 3914 ‘⁶
928 3902 945 3940 a
959 3885 1138 3959 conception
1152 3884 1187 3941 of
1202 3903 1220 3941 α
1238 3883 1328 3960 thing

282 3998 316 4037 or
329 3979 433 4053 things
447 3976 565 4033 formed
578 3976 680 4053 bytho
695 3977 782 4034 mind
795 3977 871 4035 from
887 3981 1040 4038 materials
1055 3982 1186 4057 existing
1199 3981 1328 4038 without

280 4075 388 4133 itself.”
427 4074 455 4130 A
474 4075 573 4130 second
593 4075 732 4131 intention
753 4075 779 4132 is
804 4094 822 4133 a
846 4077 1025 4150 conception
1048 4077 1083 4134 of
1105 4079 1233 4136 another
1257 4095 1325 4134 con·

281 4173 402 4247 ception
423 4190 456 4229 or
477 4172 682 4245 conceptione,
697 4171 815 4229 formed
836 4173 945 4248 hythe
967 4175 1052 4232 mind
1074 4175 1151 4233 from
1172 4175 1325 4233 materiols

280 4268 410 4342 existing
430 4267 462 4323 in
484 4264 572 4324 itself.
617 4267 704 4323 Thus
725 4267 776 4323 the
799 4269 994 4342 conceptions
1014 4280 1030 4302 “
1043 4271 1142 4337 man,’'
1158 4280 1174 4302 “
1187 4270 1327 4335 unimal‚'’
