3082 5130
242 434 310 506 132
662 455 854 504 Arrnnorx.

238 658 371 706 versum
383 661 398 717 ;
436 632 608 705 Prodesse
635 632 748 728 igitur
776 643 923 704 nonest
951 632 1092 704 Bonum
1103 628 1130 702 ¹¹.
1189 629 1287 709 Quae

240 763 296 827 est
326 778 448 827 crassa
477 762 515 826 et
544 754 673 851 putida
703 754 985 850 AEqrdooeotio;
1024 763 1062 826 et
1089 753 1180 826 nihil
1209 777 1288 825 am-

240 878 346 975 plius,

294 1110 326 1204 §.
342 1110 375 1180 8.
407 1110 461 1181 12.
489 1108 734 1182 Cnocomtusi
759 1135 780 1182 a
799 1111 1005 1207 Chrysippo
1022 1110 1206 1196 inventus,
1224 1108 1290 1205 qui

242 1232 288 1303 ad
323 1232 518 1304 Fallaciam
555 1234 824 1328 Consequentis
858 1233 1021 1306 revocari
1054 1233 1201 1330 poterit,
1235 1232 1288 1305 sic

242 1355 470 1451 proponitur.
520 1356 750 1451 Surripoerot
768 1357 937 1450 insontem
958 1357 1163 1429 Crocodilus
1170 1385 1185 1439 ,·
1209 1357 1292 1430 red-

244 1481 397 1552 d'torom
426 1505 474 1565 se,
500 1480 566 1551 lroc
601 1481 679 1577 lege
707 1481 901 1575 pollicitos,
932 1494 971 1553 ed
1000 1481 1130 1555 diridet
1164 1492 1290 1566 meter,

243 1615 360 1675 utrum
386 1606 483 1699 opud
502 1630 538 1675 se
560 1604 704 1675 reddere
728 1629 773 1676 orr
799 1631 866 1677 rrorr
891 1607 1037 1678 reddere
1059 1603 1291 1677 constituerit.

245 1727 281 1797 Si
300 1727 397 1799 dicat
413 1735 531 1797 mater
548 1726 634 1797 Non
651 1727 795 1799 reddere
804 1756 818 1809 ,·
843 1728 1041 1799 mentietur
1058 1728 1087 1799 si
1109 1726 1290 1799 infantem

243 1851 444 1946 receperit:
475 1850 513 1922 Si
535 1850 632 1921 dicat
653 1852 798 1924 reddere
809 1880 824 1934 ;
854 1876 929 1923 non
954 1851 1083 1923 reddet
1107 1851 1290 1947 quiahoc

244 1983 299 2045 est
332 1973 476 2045 falsum.
540 1974 790 2053 Quamobrem
826 1975 1051 2072 Chrysippus
1085 1974 1175 2046 nihil
1209 1999 1291 2047 esse

244 2105 351 2194 putat
373 2097 553 2169 difficilius
576 2120 687 2192 quam
711 2122 928 2194 responsum
950 2099 1058 2170 matri
1082 2122 1290 2194 suggerere.

246 2222 326 2292 Neo
352 2222 494 2317 injuria,
521 2222 549 2292 si
575 2221 756 2293 lubricum
782 2230 888 2318 putet
915 2223 1097 2306 divinare;
1133 2221 1198 2293 sed
1222 2222 1292 2292 im-

246 2345 390 2430 merito,
420 2345 449 2416 si
483 2345 520 2415 in
554 2344 625 2416 hoc
658 2345 717 2438 (ut
746 2345 906 2438 videtur)
936 2345 1087 2432 haereat,
1115 2345 1227 2425 Quod
1261 2345 1292 2417 si

245 2492 401 2564 puerum
450 2468 666 2540 Crocodilus
716 2493 792 2540 non
843 2468 995 2540 reddere
1048 2467 1294 2553 constituerit,

247 2591 412 2684 quamvis
439 2591 476 2662 id
508 2591 630 2662 Mater
656 2590 868 2664 divinaverit
894 2615 970 2663 non
995 2591 1148 2664 reddet:
1187 2591 1293 2685 quasi

247 2714 438 2786 consilium
478 2713 578 2809 quod
620 2713 778 2810 primum
816 2714 1023 2786 intenderat
1064 2713 1293 2801 CrocodiluS,

246 2848 443 2935 postquam
468 2838 669 2910 indicatum
696 2845 762 2924 est,
785 2839 976 2934 repudiare
1003 2863 1078 2910 non
1104 2838 1230 2935 possit,
1255 2847 1294 2909 et

247 2991 293 3037 ex
314 2975 423 3063 pacto
442 2989 519 3037 non
536 2964 690 3037 debeat:
724 2988 810 3035 nam
833 2964 863 3035 si
887 2964 1010 3036 Mater
1032 2972 1133 3035 recte
1156 2963 1296 3036 divina-

248 3092 351 3178 verit,
371 3099 521 3188 recepto
546 3112 674 3186 puer0,
699 3112 774 3159 non
798 3088 974 3159 mentitur
996 3087 1069 3173 illa,
1088 3086 1153 3158 sed
1176 3087 1297 3159 consi-

246 3215 337 3287 lium
354 3221 474 3287 mutat
492 3212 719 3284 Crocodilus.

303 3340 358 3413 13.
399 3340 558 3412 Morsus
593 3330 760 3434 Θερίζων
790 3339 853 3434 qui
883 3346 1049 3424 vocatur,
1077 3337 1129 3408 ita
1156 3337 1296 3433 placuit

248 3464 391 3536 Zenoni
419 3464 557 3548 Stoice,
583 3473 625 3534 ut
651 3461 833 3558 Sophistae
860 3485 982 3556 aquo
1009 3485 1093 3532 eum
1120 3460 1297 3533 didicerat

249 3587 401 3683 duplum
432 3594 550 3681 pactae
580 3584 758 3656 mercedis
784 3593 1005 3657 numeraret.
1058 3584 1295 3681 Proponente

249 3711 446 3783 Ammonio
465 3709 515 3781 sic
534 3733 571 3780 se
589 3709 711 3780 habet.
751 3709 792 3780 Si
810 3735 981 3783 recessuros
999 3736 1045 3796 es,
1060 3709 1297 3805 confortasse

250 3834 533 3930 metes,sortosse
550 3859 618 3905 noo
636 3845 752 3919 rooles,
765 3836 829 3906 sed
839 3846 944 3906 metes
958 3834 1095 3906 omnino
1104 3860 1118 3914 ;
1144 3831 1297 3919 Pariter,

248 3961 279 4031 si
302 3985 369 4031 noo
394 3981 564 4029 messurus
585 3983 632 4043 ee,
650 3984 717 4029 ooo
731 3957 892 4053 sortasse
914 3968 1030 4043 metes,
1043 3957 1205 4053 sortasse
1229 3981 1297 4028 ooo

287 4199 298 4233 ¹¹
320 4197 572 4270 Diog.Lrae1·t.ii.
593 4200 655 4252 itt-t.

287 4297 293 4330 ³
315 4294 392 4350 This
407 4293 527 4367 Fallncy
543 4293 568 4349 is
583 4294 671 4367 given
686 4300 716 4349 nt
730 4293 836 4367 length
852 4293 890 4368 by
903 4293 1028 4359 anion,
1039 4294 1098 4349 Vit.
1111 4293 1198 4349 Auct.
1214 4292 1235 4357 i.
1249 4295 1297 4349 22.
