3082 5130
649 451 754 501 nnsis
771 451 909 503 LOGlCAE

679 752 786 826 CAP.
813 751 887 824 ΙΙΙ.

472 913 531 985 De
548 912 756 1007 Syllopiemo
776 913 982 1005 Catcporico
992 935 1097 1002 paro.

315 1077 349 1170 ᾗ.
371 1075 403 1148 l..
430 1076 576 1149 Tsnrrs
605 1099 689 1172 pars
720 1075 869 1171 Logicae
897 1074 973 1170 agit
999 1073 1045 1145 de
1072 1069 1311 1166 Arpumento·

262 1199 338 1272 sive
371 1197 588 1292 Sylloptsmo,
623 1197 725 1295 quod
759 1204 815 1270 est
848 1196 994 1293 signum
1028 1195 1147 1268 tertiae
1182 1217 1310 1291 opera-

263 1321 372 1397 tionis
398 1320 625 1396 intellectus:
660 1345 793 1418 nempe
827 1320 1032 1406 Discursus,
1061 1319 1120 1391 vel
1149 1315 1310 1389 Ratioci-

263 1447 361 1516 aium
378 1445 695 1541 Propositionibus
711 1467 936 1542 expressum.

316 1567 452 1653 Quare,
470 1591 555 1639 cum
573 1564 788 1663 Discursusb
806 1567 852 1639 sit
875 1586 1089 1664 progressus
1112 1562 1247 1636 mentis
1263 1562 1311 1635 ab

264 1712 340 1760 uno
358 1688 498 1782 judicio
524 1689 571 1762 ad
592 1690 704 1777 aliud,
720 1689 955 1788 perspicuum
978 1694 1034 1760 est
1058 1687 1097 1760 in
1114 1710 1159 1792 eo
1176 1684 1312 1782 requiri

269 1813 302 1885 l.
326 1811 476 1910 Aliquid
501 1814 600 1887 unde
618 1814 803 1888 discursus
820 1813 995 1887 ordiatur.
1046 1810 1082 1885 2.
1107 1809 1219 1884 Aliud
1235 1833 1311 1906 quo

264 1936 464 2033 perveniat.
516 1939 551 2012 3.
570 1939 627 2012 Ea
643 1938 694 2011 sic
710 1939 756 2012 ab
772 1939 930 2011 invicem
946 1935 1120 2033 pendere,
1136 1940 1179 2006 ut
1195 1956 1313 2006 unum

265 2082 312 2132 ex
338 2059 421 2147 alio,
440 2068 478 2133 et
502 2060 600 2134 alius
617 2062 653 2135 vi
676 2062 904 2146 innotescat;
933 2082 1038 2133 secus
1064 2057 1174 2143 enim,
1194 2079 1313 2130 unum

265 2190 350 2279 post
366 2182 466 2256 aliud
483 2207 720 2280 cognoscere,
737 2192 793 2256 est
810 2192 957 2257 tantum
974 2206 1073 2280 saepe
1085 2181 1262 2279 judicare.

108 2321 260 2437 puppes
319 2306 417 2393 Jam,
445 2330 493 2379 ex
526 2330 600 2403 quo
630 2307 729 2380 aliud
763 2305 1063 2404 cognoscendum
1096 2311 1164 2392 est,
1192 2305 1314 2402 ipsum

128 2421 133 2433 ’
163 2421 203 2436 ”
270 2435 369 2502 certe
401 2431 654 2525 praecognosci
682 2430 809 2518 debet3
846 2439 883 2503 et
912 2428 1065 2527 proinde
1100 2428 1204 2525 quasi
1236 2428 1314 2501 sine

269 2553 435 2627 discursu
448 2561 603 2642 notum,
628 2554 838 2641 antecedere,
859 2552 1174 2647 perimamini:
1202 2559 1240 2623 et
1265 2574 1313 2624 ex

270 2701 315 2751 eo
333 2677 516 2773 reliquum
532 2675 701 2763 concludi,
721 2678 847 2771 oedipi,
859 2678 988 2770 inferri
1004 2683 1042 2749 et
1058 2676 1155 2769 sequi
1171 2674 1314 2749 dicitur.

272 2800 340 2873 Est
357 2809 483 2872 autern
501 2799 638 2896 duplex
654 2802 920 2892 consequentia:

323 2923 355 2995 l.
381 2921 609 3007 Materiale,
643 2921 791 3018 quando
818 2946 864 2993 ex
894 2922 1149 2994 Antecedente
1179 2920 1318 2994 Conse-

271 3068 388 3140 quens
421 3043 588 3131 infertur,
623 3044 701 3117 sola
735 3043 770 3117 vi
810 3044 1068 3117 Tenninorum
1076 3053 1099 3130 ⁰,
1133 3067 1217 3140 quae
1260 3049 1318 3115 est

310 3247 322 3271 ⁸
340 3237 496 3309 Arpumcut
509 3235 536 3292 is
549 3241 605 3292 not
620 3233 762 3310 properly
776 3250 981 3309 synonymous
994 3231 1068 3290 with
1082 3231 1246 3308 syllogism,
1261 3230 1318 3289 but

271 3328 344 3387 with
356 3328 409 3385 the
423 3328 538 3386 middle
551 3334 630 3386 term
644 3328 724 3404 only.
767 3327 826 3386 See
840 3326 897 3384 Ed.
913 3326 985 3385 Rev.
1000 3325 1058 3384 No.
1076 3327 1142 3384 115.
1156 3343 1186 3401 p.
1202 3328 1269 3383 218.

310 3425 323 3460 b
345 3423 403 3480 See
417 3422 530 3490 before,
545 3442 574 3499 p.
590 3428 617 3481 4.
633 3430 705 3482 note
720 3441 747 3499 g.

311 3531 322 3554 0
342 3519 361 3574 i.
377 3537 402 3575 e.
417 3520 546 3576 because
566 3538 622 3578 our
633 3519 811 3596 knowledge
825 3519 859 3578 of
876 3517 951 3578 facts
966 3518 1089 3577 enebles
1103 3536 1140 3576 us
1154 3524 1186 3577 to
1208 3518 1317 3595 supply

273 3612 414 3671 deficient
426 3615 582 3689 premises.
615 3616 701 3684 This,
715 3616 861 3684 however,
875 3634 920 3674 we
934 3616 973 3674 do
987 3622 1043 3674 not
1061 3615 1100 3674 do
1114 3635 1146 3673 aa
1156 3616 1316 3690 Lupicinus.

273 3710 331 3768 See
351 3708 475 3777 further,
495 3709 664 3786 Appenfflx,
683 3717 756 3768 note
774 3709 806 3767 Ο.
850 3711 900 3769 On
920 3713 973 3769 the
993 3721 1093 3768 matur
1113 3709 1174 3767 and
1186 3712 1268 3784 socru
1288 3708 1322 3767 of

272 3804 453 3881 syllogisms,
477 3821 527 3862 see
547 3805 783 3881 Grekanthorpe,
803 3806 855 3864 lib.
874 3810 901 3865 3.
925 3825 988 3882 cop.
1007 3810 1052 3864 13.
1084 3805 1210 3880 “Atque
1231 3806 1318 3862 utin

272 3901 482 3977 Propositione
507 3900 691 3978 categorica,
716 3902 840 3964 termini
864 3902 924 3961 duo
948 3920 1060 3979 nempe
1086 3901 1264 3978 Subjectum
1288 3906 1320 3958 et

272 3996 473 4053 Praedicatum
487 4003 560 4054 sunt
572 3998 706 4064 Materia,
723 3997 840 4072 Copula
853 4004 954 4055 autem
969 4015 1037 4072 quae
1051 4003 1099 4055 est
1110 3996 1237 4055 verbum
1252 3995 1319 4054 sub·

272 4091 444 4158 stantivum,
457 4098 510 4149 sut
523 4092 624 4166 alique
638 4092 703 4168 ejus
717 4110 856 4167 persona,
872 4099 919 4150 est
930 4092 1055 4150 Fauna:
1077 4098 1109 4150 et
1122 4097 1157 4148 ut
1170 4092 1202 4148 in
1217 4090 1319 4167 Hypo·

272 4187 385 4244 thetica
409 4187 619 4263 Propositione
644 4188 713 4246 duae
737 4188 964 4264 Propositiones
989 4195 1062 4247 sunt
1084 4189 1219 4254 Materia,
1243 4185 1320 4245 Gon·

267 4284 385 4360 junctio
405 4291 506 4342 autem
522 4285 754 4354 conditionalis,
770 4285 948 4362 Gopuletivs
966 4293 1019 4345 eut
1037 4284 1237 4362 Disjunctive,
1253 4299 1321 4361 quse
