3082 5130
651 463 880 515 nummulum.
1242 442 1290 515 43

241 638 490 712 Particularia
544 640 594 712 Et
620 647 722 726 nota,
740 640 842 736 quod
864 641 1087 714 Universalis
1104 641 1290 714 affirmans

242 763 451 862 symbolum
477 761 590 836 habet
614 763 667 848 A;
694 787 835 859 negans
861 765 912 836 E:
940 765 1173 838 Particularis
1195 765 1292 838 affir-

242 912 348 961 mans
365 887 574 985 symbolum
594 888 633 973 1;
661 911 801 983 negans
820 887 864 962 Ο.

317 1064 455 1137 Arserit
471 1063 532 1149 A,
558 1075 661 1159 neyat
677 1063 741 1135 E:
775 1064 1029 1137 Universnliter
1045 1065 1165 1138 umbre.

316 1185 454 1259 Arserit
469 1184 499 1258 I
503 1216 519 1271 ;
544 1196 646 1282 neyot
665 1186 719 1258 0.-
746 1186 808 1258 sed
823 1186 1098 1260 Particulariter
1115 1189 1246 1262 ambos.

292 1374 338 1448 In
350 1373 568 1460 Universali,
581 1373 728 1468 signum
745 1373 931 1447 affirmans
944 1375 1127 1450 distribuit
1144 1385 1290 1451 tantum

242 1499 477 1595 Subjectum:
506 1498 669 1592 Negans
686 1497 798 1570 etiam
823 1498 1079 1609 Praedicaturn.
1132 1503 1231 1575 Nam
1247 1510 1291 1575 ut

241 1648 368 1698 verum
400 1624 447 1696 sit
478 1623 585 1694 Omne
615 1647 637 1694 α
667 1634 717 1694 est
748 1623 779 1710 b,
810 1624 945 1698 sufficit
974 1625 1123 1724 aliquod
1153 1627 1173 1699 b
1204 1653 1292 1702 con-

242 1748 365 1821 venire
392 1747 493 1819 omni
516 1771 538 1816 α
552 1773 563 1816 .·
595 1746 660 1819 sed
682 1745 814 1820 falsum
838 1756 894 1821 est
917 1751 1050 1820 nullum
1072 1776 1094 1821 o
1117 1775 1186 1823 esce
1211 1750 1242 1837 h,
1262 1754 1292 1825 si

242 1875 300 1947 vel
330 1872 479 1969 aliquod
510 1871 529 1942 b
560 1872 755 1946 conveniat
785 1873 892 1946 alicui
926 1898 959 1944 a.
1013 1874 1156 1947 Eodem
1186 1900 1290 1971 argu·

241 2005 382 2084 menta,
398 2005 441 2070 ut
462 1996 511 2069 sit
533 2020 661 2069 verum
684 1994 842 2090 Aliquod
865 2023 887 2068 a
905 2007 953 2068 est
974 1995 1005 2083 b,
1023 1998 1159 2072 sufficit
1182 2000 1211 2071 si
1233 2000 1292 2072 vel

241 2121 390 2220 aliquod
418 2120 438 2192 b
462 2122 659 2195 conveniat
683 2121 791 2194 alicui
809 2147 852 2192 a:
881 2121 945 2194 sed
966 2120 1100 2195 falsum
1117 2131 1174 2196 est
1191 2124 1292 2219 quod

241 2246 386 2341 aliquod
402 2257 577 2318 ananeel
595 2245 626 2332 b,
646 2247 714 2319 nisi
735 2246 828 2320 illud
845 2271 867 2317 a
885 2247 1029 2320 differat
1052 2272 1074 2320 a
1091 2248 1220 2343 quovis
1238 2247 1290 2320 b*

243 2371 294 2443 Et
309 2369 464 2466 proinde

293 2494 338 2566 In
349 2493 573 2591 particulari,
583 2494 706 2566 nullus
717 2495 895 2566 terminus
906 2492 1145 2581 distribuitur,
1155 2504 1292 2592 praeter

241 2618 410 2713 negantis
426 2618 680 2714 praedicatum,
698 2618 797 2715 quod
816 2642 961 2714 semper
977 2617 1214 2692 distribuitur.

292 2743 515 2839 Quanquam
549 2742 659 2838 igitur
692 2741 771 2814 fieri
804 2749 939 2839 potest,
973 2750 1016 2815 ut
1049 2742 1291 2840 praedicatum

241 2863 479 2938 distribuatur
506 2865 546 2937 in
575 2865 791 2951 affirmante,
818 2872 943 2937 tamen
974 2889 1051 2937 non
1081 2873 1136 2938 est
1166 2890 1293 2940 neces·

279 3151 293 3186 ¹³
314 3140 365 3199 On
385 3140 471 3197 these
490 3139 569 3198 lines
588 3139 696 3197 Wallis
712 3138 856 3205 remarks¹
878 3138 975 3207 “,Non
996 3143 1059 3195 tam
1078 3144 1164 3195 orant
1180 3137 1291 3196 soliciti

196 3224 207 3247 Χ
241 3235 278 3293 de
305 3237 490 3312 syllabarum
518 3235 694 3311 quantitate,
719 3242 772 3293 aut
799 3241 958 3311 syntaxeos
985 3234 1113 3302 ratione,
1137 3251 1228 3309 quam
1256 3240 1292 3292 ut

241 3331 415 3407 Rhytbmus
437 3338 556 3389 constet
576 3338 629 3388 aut
649 3334 852 3406 ὁμοιοτελευτον.
892 3331 952 3388 Alii
971 3338 1082 3398 tamen,
1098 3349 1157 3405 quo
1173 3336 1292 3388 constet
1370 3326 1371 3330 ’

240 3445 355 3494 versus,
370 3445 425 3501 pro
444 3429 490 3485 red
508 3429 708 3495 universaliter,
724 3427 914 3485 substituunt
932 3447 1026 3485 oerum
1043 3428 1227 3502 pancratium
1251 3435 1289 3495 et,

242 3540 302 3598 quo
324 3523 448 3606 Syntaxi
468 3524 677 3600 prospiciatur,
699 3543 754 3600 pro
775 3527 863 3592 ambe,
881 3526 1020 3602 neglecto
1040 3524 1205 3601 Rhythm0‚
1223 3524 1291 3582 sub

242 3621 370 3678 stituant
397 3624 505 3688 amba,-
543 3624 740 3698 respicientes
768 3641 872 3681 vocem
908 3624 1160 3692 subintellectam,
1191 3644 1291 3698 propo-

240 3717 377 3774 sitionec.’'
419 3718 486 3776 Tho
509 3719 630 3777 earliest
649 3719 773 3786 edition,
789 3737 822 3776 as
836 3718 932 3776 found
951 3719 984 3776 in
999 3718 1106 3777 Petrus
1121 3719 1289 3794 Hispanus,

241 3813 329 3871 reads
343 3817 428 3872 ambo
442 3815 475 3872 in
490 3815 565 3873 both
579 3815 667 3872 linea.

280 3937 292 3972 ‘¹
318 3925 443 3984 Aldrich
464 3944 602 3985 assumes
623 3926 676 3983 the
698 3923 894 3983 distribution
919 3923 954 3983 of
973 3924 1025 3982 the
1046 3925 1199 4000 predicate
1220 3925 1253 3981 in
1274 3942 1292 3981 a

240 4022 386 4097 negative,
403 4030 434 4080 to
452 4040 543 4097 prove
565 4023 617 4079 the
641 4020 750 4095 simple
771 4021 949 4078 conversion
970 4020 1004 4078 of
1020 4022 1056 4078 E.
1100 4022 1204 4079 Those
1223 4022 1291 4079 who

241 4115 334 4193 adopt
346 4119 515 4176 Aiistotle's
533 4117 624 4193 proof
640 4116 674 4173 of
688 4116 741 4174 the
760 4117 857 4182 latter,
873 4115 935 4195 (see
950 4117 1054 4184 below,
1069 4136 1099 4192 p.
1116 4115 1175 4196 51.)
1193 4116 1293 4193 might

242 4216 356 4275 deduce
384 4218 436 4275 the
464 4216 576 4274 former
598 4215 677 4273 from
702 4215 734 4272 it.
782 4215 864 4272 Both
888 4215 1026 4272 however
1049 4232 1119 4291 may
1142 4213 1229 4288 fairly
1253 4212 1292 4270 be

204 4371 206 4373 ,
241 4312 368 4370 allowed
381 4319 412 4369 to
427 4311 571 4369 standon
586 4311 665 4368 their
679 4329 746 4369 own
761 4309 911 4367 evidence.
