3082 5130
347 440 394 513 86
740 466 844 514 nuris
863 466 1000 514 noorcm

346 641 457 713 etiam
491 639 726 736 diy'adicaadis
749 641 867 736 jactat
898 665 936 713 se
971 640 1057 712 satis
1086 639 1264 735 imperite.
1294 663 1328 711 v.
1358 663 1392 735 g.

344 791 380 862 p.
402 765 484 838 164.
502 763 628 836 laudat
644 763 745 836 hunc
773 765 1048 861 Syllogismum,
1067 761 1145 834 Lea
1162 763 1281 834 divina
1292 762 1395 859 jabet

345 888 459 982 Reyes
493 887 682 961 honorari:
718 886 916 960 Ladoaicas
948 887 1048 959 XIV
1080 898 1129 959 est
1159 886 1266 972 Rea;
1305 909 1394 981 ergo

347 1011 424 1084 Lea·
450 1012 569 1082 divina
585 1010 689 1105 jabet
718 1010 935 1083 Ladovicarrr
964 1008 1064 1084 XIV
1091 1011 1267 1083 honorari.
1321 1010 1395 1083 Ubi

344 1136 443 1207 valet
468 1143 568 1206 certe
595 1135 885 1230 Argumentum3
914 1135 1155 1232 syllogismus
1184 1143 1308 1207 tamen
1339 1144 1394 1206 est

344 1259 567 1344 falsissimus,
591 1283 676 1330 cum
702 1258 838 1332 habeat
867 1260 1029 1355 quinque
1055 1258 1243 1330 terminos,
1296 1259 1395 1330 Nam

346 1406 392 1481 ex
427 1381 664 1453 conclusione
698 1389 802 1477 patet
837 1383 938 1478 quod
975 1382 1093 1478 major
1126 1381 1304 1453 terminus
1338 1388 1396 1453 est

336 1504 439 1601 jabet
456 1501 672 1574 Ladovicara
684 1502 750 1573 XI
751 1504 787 1575 V
795 1504 971 1591 honorari,
983 1515 1020 1578 et
1032 1507 1153 1577 minor
1163 1503 1242 1574 Lea
1255 1504 1373 1574 divina
1381 1531 1395 1576 .·

346 1653 433 1725 ergo
468 1628 588 1700 minor
623 1608 829 1725 Propositio
863 1626 944 1698 Lea
983 1629 1104 1699 divina
1138 1628 1240 1724 jabet
1281 1625 1395 1720 Reyes

345 1754 534 1826 honorari:
560 1777 647 1849 ergo
676 1753 822 1826 Medius
845 1754 1023 1827 terminus
1040 1753 1143 1850 jabet
1159 1751 1273 1846 Reyes
1290 1751 1394 1822 trono-

345 1881 445 1949 rari:
482 1901 569 1973 ergo
606 1877 728 1973 Major
763 1878 970 1974 Propositio
1005 1878 1131 1951 debuit
1164 1902 1255 1963 esse,
1293 1875 1397 1961 Quod

334 2000 436 2096 jabet
462 1999 576 2094 Repea
602 2001 779 2088 tronorari,
795 2000 899 2097 jabet
926 2000 1142 2073 Ladovicam
1169 2000 1271 2072 XIV
1289 1999 1395 2070 horro-

345 2127 421 2195 rari
430 2154 446 2209 ,·
489 2132 527 2196 et
561 2132 642 2197 tum
675 2124 814 2199 valeret
855 2125 1113 2221 Syllogismus3
1158 2149 1227 2197 nec
1261 2123 1395 2196 redun-

344 2249 474 2321 darent
504 2250 578 2321 duo
607 2250 764 2336 termini,
793 2250 856 2345 qui
883 2250 921 2321 in
953 2249 1115 2322 secunda
1143 2248 1394 2346 propositione

339 2372 417 2467 jam
434 2371 655 2443 redundant.

395 2495 438 2568 P.
460 2496 542 2570 166.
570 2495 829 2591 Syllogismum
855 2497 955 2570 hunc
981 2498 1197 2594 improbat¹,
1221 2495 1395 2567 Debemus

346 2618 481 2689 credere
499 2618 717 2710 Scriptura:
747 2619 909 2692 Traditio
922 2645 988 2692 aaa
1002 2631 1052 2692 est
1064 2621 1278 2712 Scriptura;
1305 2642 1393 2714 ergo

344 2767 411 2812 aon
447 2740 605 2812 dedemus
641 2741 778 2812 credere
817 2741 1018 2815 Traditioar’
1026 2773 1042 2829 ;
1083 2745 1168 2841 quia
1198 2769 1283 2816 eum
1317 2742 1393 2815 scil.

343 2865 509 2962 imperite
543 2865 686 2937 reducit
721 2865 768 2938 ad
802 2866 969 2962 primam,
1000 2893 1085 2940 cum
1115 2878 1241 2939 tamen
1276 2866 1395 2963 Syllo-

343 2989 479 3085 gismus
497 2989 722 3086 apertissime
747 2990 819 3062 hoc
845 2990 942 3062 dicat
966 2991 1005 3063 in
1023 2991 1197 3077 secunda,
1216 2991 1394 3087 Objectara

335 3113 428 3207 fidei
453 3115 580 3186 divina
602 3125 651 3185 est
677 3115 890 3207 Scriptura:
919 3115 1081 3186 Traditio
1102 3141 1170 3186 aaa
1195 3124 1244 3185 est
1269 3112 1394 3203 Scrip-

344 3247 452 3322 tara,·
478 3263 566 3335 ergo
588 3238 751 3309 Traditio
769 3262 836 3308 aaa
854 3249 903 3309 est
923 3239 1102 3335 Objectara
1109 3239 1204 3331 fidei
1222 3238 1358 3308 divina.

395 3360 537 3433 Ibidem
563 3361 729 3457 imperite
756 3370 923 3434 autumat
950 3362 1210 3458 syllogismum
1240 3384 1395 3456 sequen-

342 3491 432 3569 tem,
461 3485 499 3555 in
530 3508 604 3579 quo
635 3508 761 3563 omnes
795 3485 1064 3582 propositiones
1098 3487 1269 3578 videntur
1298 3483 1393 3556 affir-

336 3608 502 3692 mativae,
521 3631 599 3678 esse
624 3608 662 3679 in
688 3608 850 3680 secunda
863 3629 881 3693 ;’
899 3610 1032 3680 salvari
1052 3634 1152 3697 vero,
1171 3610 1256 3704 quia
1273 3607 1394 3680 minor

344 3755 453 3803 sensu
471 3730 668 3817 exclusiva,
685 3731 892 3826 negativam
907 3733 946 3804 in
965 3757 1003 3805 se
1027 3735 1227 3807 contineat.
1281 3728 1395 3812 Quod
1421 3745 1423 3749 ’

383 3929 394 3951 ¹
415 3915 611 3990 Syllopirraam
625 3917 698 3973 hara
712 3917 857 3989 improbat.
890 3917 929 3975 In
943 3917 1004 3976 this
1019 3919 1166 3985 instance,
1182 3920 1206 3975 it
1221 3919 1247 3974 is
1263 3917 1393 3992 scarcely

343 4029 502 4087 necessary
516 4019 547 4069 to
567 4014 691 4070 observo
706 4014 772 4070 that
786 4014 839 4071 tho
853 4014 925 4072 Port
944 4015 1039 4091 Royal
1059 4017 1222 4092 Logicians
1238 4033 1287 4072 are
1301 4013 1392 4090 right,

344 4107 404 4164 and
431 4109 555 4166 Aldrich
583 4110 609 4167 is
638 4129 748 4186 wrong.
792 4111 859 4168 The
887 4113 1018 4186 premise
1047 4112 1121 4185 does
1149 4120 1205 4170 not
1231 4121 1300 4169 stata
1328 4110 1394 4166 that

312 4266 314 4269 ,
342 4206 521 4280 aethiophia
536 4206 677 4280 Scrmrara
692 4207 717 4262 is
736 4215 766 4264 to
781 4207 819 4265 be
833 4208 970 4266 believed
983 4229 990 4276 ;
1013 4209 1074 4274 ond
1094 4208 1243 4267 therefore
1258 4209 1309 4265 the
1325 4224 1393 4264 con-

344 4301 462 4359 clusion
478 4301 579 4360 drawn
594 4303 619 4359 is
635 4301 776 4377 illogical,
