<?xml version="1.0" encoding="UTF-8"?>
<!DOCTYPE html PUBLIC "-//W3C//DTD XHTML 1.0 Transitional//EN"
    "http://www.w3.org/TR/xhtml1/DTD/xhtml1-transitional.dtd">
<html xmlns="http://www.w3.org/1999/xhtml" xml:lang="en" lang="en">
 <head>
  <title>
</title>
<meta http-equiv="Content-Type" content="text/html;charset=utf-8" />
  <meta name='ocr-system' content='tesseract 3.04.00' />
  <meta name='ocr-capabilities' content='ocr_page ocr_carea ocr_par ocr_line ocrx_word'/>
</head>
<body>
  <div class='ocr_page' id='page_1' title='image "./artislogicrudim00aldrgoog_0081.png"; bbox 0 0 3082 5130; ppageno 0'>
   <div class='ocr_carea' id='block_1_1' title="bbox 245 416 896 498">
    <p class='ocr_par' dir='ltr' id='par_1_1' title="bbox 245 416 896 498">
     <span class='ocr_line' id='line_1_1' title="bbox 245 416 896 498; baseline 0.011 -10"><span class='ocrx_word' id='word_1_1' title='bbox 245 416 292 488; x_wconf 80' lang='lat'>48</span> <span class='ocrx_word' id='word_1_2' title='bbox 638 443 741 498; x_wconf 67' lang='lat' dir='ltr'>sarrs</span> <span class='ocrx_word' id='word_1_3' title='bbox 760 443 896 495; x_wconf 58' lang='lat' dir='ltr'>Locroe*</span> 
     </span>
    </p>
   </div>
   <div class='ocr_carea' id='block_1_2' title="bbox 208 615 1292 4295">
    <p class='ocr_par' dir='ltr' id='par_1_2' title="bbox 215 615 1292 813">
     <span class='ocr_line' id='line_1_2' title="bbox 242 615 1292 714; baseline 0.002 -24"><span class='ocrx_word' id='word_1_4' title='bbox 242 616 509 714; x_wconf 91' lang='lat' dir='ltr'>cumpluribus</span> <span class='ocrx_word' id='word_1_5' title='bbox 532 615 621 705; x_wconf 88' lang='lat' dir='ltr'>aliis,</span> <span class='ocrx_word' id='word_1_6' title='bbox 639 626 719 691; x_wconf 88' lang='lat' dir='ltr'>tum</span> <span class='ocrx_word' id='word_1_7' title='bbox 745 619 817 692; x_wconf 89' lang='lat' dir='ltr'>hoc</span> <span class='ocrx_word' id='word_1_8' title='bbox 843 642 990 714; x_wconf 93' lang='lat' dir='ltr'>quoque</span> <span class='ocrx_word' id='word_1_9' title='bbox 1008 618 1120 693; x_wconf 91' lang='lat' dir='ltr'>modo</span> <span class='ocrx_word' id='word_1_10' title='bbox 1138 619 1292 697; x_wconf 74' lang='lat' dir='ltr'>demon-</span> 
     </span>
     <span class='ocr_line' id='line_1_3' title="bbox 215 739 360 813; baseline 0.007 -1"><span class='ocrx_word' id='word_1_11' title='bbox 215 739 360 813; x_wconf 87' lang='lat' dir='ltr'>strari.</span> 
     </span>
    </p>

    <p class='ocr_par' dir='ltr' id='par_1_3' title="bbox 243 863 1292 1455">
     <span class='ocr_line' id='line_1_4' title="bbox 296 863 1292 940; baseline 0.002 -4"><span class='ocrx_word' id='word_1_12' title='bbox 296 863 328 936; x_wconf 90' lang='lat'>1.</span> <span class='ocrx_word' id='word_1_13' title='bbox 357 864 660 937; x_wconf 89' lang='lat' dir='ltr'>Contradictoriae</span> <span class='ocrx_word' id='word_1_14' title='bbox 678 865 722 938; x_wconf 83' lang='lat' dir='ltr'>A.</span> <span class='ocrx_word' id='word_1_15' title='bbox 742 866 786 940; x_wconf 94' lang='grc' dir='ltr'>Ο.</span> <span class='ocrx_word' id='word_1_16' title='bbox 805 865 864 938; x_wconf 93' lang='lat' dir='ltr'>vel</span> <span class='ocrx_word' id='word_1_17' title='bbox 881 867 925 939; x_wconf 90' lang='lat' dir='ltr'>E.</span> <span class='ocrx_word' id='word_1_18' title='bbox 944 864 973 938; x_wconf 90' lang='grc' dir='ltr'>Ι.</span> <span class='ocrx_word' id='word_1_19' title='bbox 991 890 1060 939; x_wconf 92' lang='lat' dir='ltr'>nec</span> <span class='ocrx_word' id='word_1_20' title='bbox 1078 866 1183 938; x_wconf 83' lang='lat' dir='ltr'>simut</span> <span class='ocrx_word' id='word_1_21' title='bbox 1198 889 1292 938; x_wconf 82' lang='lat' dir='ltr'>veroe·</span> 
     </span>
     <span class='ocr_line' id='line_1_5' title="bbox 243 987 1290 1086; baseline 0.003 -27"><span class='ocrx_word' id='word_1_22' title='bbox 243 1010 312 1060; x_wconf 93' lang='lat' dir='ltr'>nec</span> <span class='ocrx_word' id='word_1_23' title='bbox 345 989 450 1059; x_wconf 79' lang='lat' dir='ltr'>simut</span> <span class='ocrx_word' id='word_1_24' title='bbox 470 987 583 1082; x_wconf 74' lang='lat' dir='ltr'>falsa</span> <span class='ocrx_word' id='word_1_25' title='bbox 612 1012 690 1061; x_wconf 86' lang='lat' dir='ltr'>esse</span> <span class='ocrx_word' id='word_1_26' title='bbox 724 997 890 1086; x_wconf 82' lang='lat' dir='ltr'><strong>possunt.</strong></span> <span class='ocrx_word' id='word_1_27' title='bbox 942 989 1054 1070; x_wconf 83' lang='lat' dir='ltr'>Quod</span> <span class='ocrx_word' id='word_1_28' title='bbox 1088 989 1186 1062; x_wconf 90' lang='lat' dir='ltr'>enim</span> <span class='ocrx_word' id='word_1_29' title='bbox 1213 1014 1290 1062; x_wconf 88' lang='lat' dir='ltr'>una</span> 
     </span>
     <span class='ocr_line' id='line_1_6' title="bbox 244 1111 1288 1206; baseline 0.003 -25"><span class='ocrx_word' id='word_1_30' title='bbox 244 1118 369 1206; x_wconf 87' lang='lat' dir='ltr'>negat,</span> <span class='ocrx_word' id='word_1_31' title='bbox 401 1111 499 1183; x_wconf 91' lang='lat' dir='ltr'>idem</span> <span class='ocrx_word' id='word_1_32' title='bbox 534 1111 650 1184; x_wconf 89' lang='lat' dir='ltr'>altera</span> <span class='ocrx_word' id='word_1_33' title='bbox 684 1112 730 1185; x_wconf 92' lang='lat' dir='ltr'>de</span> <span class='ocrx_word' id='word_1_34' title='bbox 764 1111 907 1199; x_wconf 90' lang='lat' dir='ltr'>eodem,</span> <span class='ocrx_word' id='word_1_35' title='bbox 942 1112 1146 1187; x_wconf 92' lang='lat' dir='ltr'>secundum</span> <span class='ocrx_word' id='word_1_36' title='bbox 1179 1112 1288 1199; x_wconf 86' lang='lat' dir='ltr'>idem,</span> 
     </span>
     <span class='ocr_line' id='line_1_7' title="bbox 243 1233 1288 1334; baseline 0.005 -29"><span class='ocrx_word' id='word_1_37' title='bbox 243 1233 420 1306; x_wconf 87' lang='lat' dir='ltr'>affirmat:</span> <span class='ocrx_word' id='word_1_38' title='bbox 457 1234 502 1308; x_wconf 93' lang='lat' dir='ltr'>Id</span> <span class='ocrx_word' id='word_1_39' title='bbox 536 1260 623 1309; x_wconf 89' lang='lat' dir='ltr'>vero</span> <span class='ocrx_word' id='word_1_40' title='bbox 658 1237 737 1309; x_wconf 91' lang='lat' dir='ltr'>fieri</span> <span class='ocrx_word' id='word_1_41' title='bbox 771 1251 840 1311; x_wconf 88' lang='lat' dir='ltr'>nec</span> <span class='ocrx_word' id='word_1_42' title='bbox 855 1246 1008 1318; x_wconf 58' lang='lat' dir='ltr'>suatura</span> <span class='ocrx_word' id='word_1_43' title='bbox 1040 1236 1190 1334; x_wconf 89' lang='lat' dir='ltr'>patitur,</span> <span class='ocrx_word' id='word_1_44' title='bbox 1219 1260 1288 1310; x_wconf 91' lang='lat' dir='ltr'>nec</span> 
     </span>
     <span class='ocr_line' id='line_1_8' title="bbox 246 1357 1136 1455; baseline 0.004 -26"><span class='ocrx_word' id='word_1_45' title='bbox 246 1380 374 1430; x_wconf 87' lang='lat' dir='ltr'>sensus</span> <span class='ocrx_word' id='word_1_46' title='bbox 391 1357 702 1455; x_wconf 81' lang='lat' dir='ltr'>ipsecommunis</span> <span class='ocrx_word' id='word_1_47' title='bbox 754 1361 890 1447; x_wconf 83' lang='lat' dir='ltr'>Quare,</span> <span class='ocrx_word' id='word_1_48' title='bbox 1134 1378 1136 1381; x_wconf 79' lang='grc'>’</span> 
     </span>
    </p>

    <p class='ocr_par' dir='ltr' id='par_1_4' title="bbox 208 1479 1288 1692">
     <span class='ocr_line' id='line_1_9' title="bbox 208 1479 1288 1579; baseline 0.008 -31"><span class='ocrx_word' id='word_1_49' title='bbox 208 1521 210 1526; x_wconf 93' lang='grc'>-</span> <span class='ocrx_word' id='word_1_50' title='bbox 297 1505 331 1553; x_wconf 88' lang='grc' dir='ltr'>α.</span> <span class='ocrx_word' id='word_1_51' title='bbox 359 1479 396 1553; x_wconf 95' lang='lat' dir='ltr'>Si</span> <span class='ocrx_word' id='word_1_52' title='bbox 421 1481 644 1554; x_wconf 89' lang='lat' dir='ltr'>Universalis</span> <span class='ocrx_word' id='word_1_53' title='bbox 668 1506 754 1555; x_wconf 87' lang='lat' dir='ltr'>vera</span> <span class='ocrx_word' id='word_1_54' title='bbox 778 1482 837 1570; x_wconf 86' lang='lat' dir='ltr'>sit,</span> <span class='ocrx_word' id='word_1_55' title='bbox 855 1482 1093 1579; x_wconf 65' lang='lat' dir='ltr'>particularis</span> <span class='ocrx_word' id='word_1_56' title='bbox 1111 1508 1194 1579; x_wconf 90' lang='lat' dir='ltr'>quae</span> <span class='ocrx_word' id='word_1_57' title='bbox 1221 1484 1288 1558; x_wconf 92' lang='lat' dir='ltr'>sub</span> 
     </span>
     <span class='ocr_line' id='line_1_10' title="bbox 244 1606 817 1692; baseline 0.003 -16"><span class='ocrx_word' id='word_1_58' title='bbox 244 1628 289 1676; x_wconf 89' lang='lat' dir='ltr'>ea</span> <span class='ocrx_word' id='word_1_59' title='bbox 306 1606 527 1692; x_wconf 80' lang='lat' dir='ltr'><strong>continetur,</strong></span> <span class='ocrx_word' id='word_1_60' title='bbox 545 1629 632 1678; x_wconf 84' lang='lat' dir='ltr'>vera</span> <span class='ocrx_word' id='word_1_61' title='bbox 649 1614 714 1679; x_wconf 89' lang='lat' dir='ltr'>est.</span> <span class='ocrx_word' id='word_1_62' title='bbox 767 1607 817 1678; x_wconf 89' lang='lat' dir='ltr'>Et</span> 
     </span>
    </p>

    <p class='ocr_par' dir='ltr' id='par_1_5' title="bbox 239 1728 1289 2445">
     <span class='ocr_line' id='line_1_11' title="bbox 293 1728 1287 1826; baseline 0.004 -26"><span class='ocrx_word' id='word_1_63' title='bbox 293 1728 332 1815; x_wconf 83' lang='grc' dir='ltr'>β.</span> <span class='ocrx_word' id='word_1_64' title='bbox 359 1728 397 1800; x_wconf 92' lang='lat' dir='ltr'>Si</span> <span class='ocrx_word' id='word_1_65' title='bbox 414 1729 642 1826; x_wconf 90' lang='lat' dir='ltr'>particularis</span> <span class='ocrx_word' id='word_1_66' title='bbox 658 1729 750 1802; x_wconf 89' lang='lat' dir='ltr'>falsa</span> <span class='ocrx_word' id='word_1_67' title='bbox 775 1730 832 1817; x_wconf 90' lang='lat' dir='ltr'>sit,</span> <span class='ocrx_word' id='word_1_68' title='bbox 849 1729 1086 1817; x_wconf 87' lang='lat' dir='ltr'>Universalis,</span> <span class='ocrx_word' id='word_1_69' title='bbox 1103 1754 1187 1826; x_wconf 90' lang='lat' dir='ltr'>quae</span> <span class='ocrx_word' id='word_1_70' title='bbox 1205 1755 1287 1804; x_wconf 89' lang='lat' dir='ltr'>eam</span> 
     </span>
     <span class='ocr_line' id='line_1_12' title="bbox 243 1851 1287 1948; baseline 0.003 -25"><span class='ocrx_word' id='word_1_71' title='bbox 243 1852 420 1939; x_wconf 86' lang='lat' dir='ltr'>continet,</span> <span class='ocrx_word' id='word_1_72' title='bbox 445 1851 537 1925; x_wconf 81' lang='lat' dir='ltr'>falsa</span> <span class='ocrx_word' id='word_1_73' title='bbox 563 1859 636 1926; x_wconf 88' lang='lat' dir='ltr'>est:</span> <span class='ocrx_word' id='word_1_74' title='bbox 663 1853 849 1934; x_wconf 83' lang='lat' dir='ltr'>Quoniam</span> <span class='ocrx_word' id='word_1_75' title='bbox 879 1854 977 1926; x_wconf 90' lang='lat' dir='ltr'>enim</span> <span class='ocrx_word' id='word_1_76' title='bbox 1008 1851 1222 1948; x_wconf 89' lang='lat' dir='ltr'>Subjectum</span> <span class='ocrx_word' id='word_1_77' title='bbox 1249 1856 1287 1926; x_wconf 89' lang='lat' dir='ltr'>in</span> 
     </span>
     <span class='ocr_line' id='line_1_13' title="bbox 243 1976 1288 2066; baseline 0.002 -17"><span class='ocrx_word' id='word_1_78' title='bbox 243 1976 447 2050; x_wconf 87' lang='lat' dir='ltr'>Universali</span> <span class='ocrx_word' id='word_1_79' title='bbox 465 1977 702 2064; x_wconf 81' lang='lat' dir='ltr'>distribuitur,</span> <span class='ocrx_word' id='word_1_80' title='bbox 716 1977 769 2064; x_wconf 90' lang='lat' dir='ltr'>fit,</span> <span class='ocrx_word' id='word_1_81' title='bbox 783 1979 873 2051; x_wconf 91' lang='lat' dir='ltr'>utin</span> <span class='ocrx_word' id='word_1_82' title='bbox 889 2003 944 2066; x_wconf 89' lang='lat' dir='ltr'>ea,</span> <span class='ocrx_word' id='word_1_83' title='bbox 957 1977 1044 2051; x_wconf 91' lang='lat' dir='ltr'>etin</span> <span class='ocrx_word' id='word_1_84' title='bbox 1063 1979 1288 2066; x_wconf 85' lang='lat' dir='ltr'>Particulari,</span> 
     </span>
     <span class='ocr_line' id='line_1_14' title="bbox 241 2099 1287 2192; baseline 0.002 -20"><span class='ocrx_word' id='word_1_85' title='bbox 241 2099 352 2187; x_wconf 89' lang='lat' dir='ltr'>idem,</span> <span class='ocrx_word' id='word_1_86' title='bbox 382 2100 427 2172; x_wconf 91' lang='lat' dir='ltr'>de</span> <span class='ocrx_word' id='word_1_87' title='bbox 462 2100 606 2188; x_wconf 88' lang='lat' dir='ltr'>eodem,</span> <span class='ocrx_word' id='word_1_88' title='bbox 636 2101 839 2173; x_wconf 87' lang='lat' dir='ltr'>secundum</span> <span class='ocrx_word' id='word_1_89' title='bbox 872 2100 982 2186; x_wconf 86' lang='lat' dir='ltr'>idem,</span> <span class='ocrx_word' id='word_1_90' title='bbox 1013 2100 1188 2192; x_wconf 74' lang='lat' dir='ltr'>dicatum</span> <span class='ocrx_word' id='word_1_91' title='bbox 1203 2125 1287 2174; x_wconf 92' lang='lat' dir='ltr'>vere</span> 
     </span>
     <span class='ocr_line' id='line_1_15' title="bbox 241 2204 1289 2320; baseline -0.001 -22"><span class='ocrx_word' id='word_1_92' title='bbox 241 2223 352 2319; x_wconf 84' lang='lat' dir='ltr'>igitur</span> <span class='ocrx_word' id='word_1_93' title='bbox 377 2232 415 2295; x_wconf 75' lang='lat' dir='ltr'>et</span> <span class='ocrx_word' id='word_1_94' title='bbox 436 2223 527 2296; x_wconf 77' lang='lat' dir='ltr'>falso</span> <span class='ocrx_word' id='word_1_95' title='bbox 553 2223 661 2297; x_wconf 86' lang='lat' dir='ltr'>simul</span> <span class='ocrx_word' id='word_1_96' title='bbox 686 2224 769 2312; x_wconf 75' lang='lat' dir='ltr'>arci,</span> <span class='ocrx_word' id='word_1_97' title='bbox 787 2223 876 2320; x_wconf 75' lang='lat' dir='ltr'>(hoc</span> <span class='ocrx_word' id='word_1_98' title='bbox 902 2231 969 2311; x_wconf 74' lang='lat' dir='ltr'>est,</span> <span class='ocrx_word' id='word_1_99' title='bbox 987 2223 1158 2296; x_wconf 68' lang='lat' dir='ltr'>affirmas</span> <span class='ocrx_word' id='word_1_100' title='bbox 1181 2204 1289 2298; x_wconf 75' lang='lat' dir='ltr'>simui</span> 
     </span>
     <span class='ocr_line' id='line_1_16' title="bbox 239 2348 595 2445; baseline 0 -25"><span class='ocrx_word' id='word_1_101' title='bbox 239 2355 281 2420; x_wconf 87' lang='lat' dir='ltr'>et</span> <span class='ocrx_word' id='word_1_102' title='bbox 297 2348 439 2445; x_wconf 84' lang='lat' dir='ltr'>negari)</span> <span class='ocrx_word' id='word_1_103' title='bbox 458 2348 595 2444; x_wconf 90' lang='lat' dir='ltr'>nequit.</span> 
     </span>
    </p>

    <p class='ocr_par' dir='ltr' id='par_1_6' title="bbox 240 2469 1288 3065">
     <span class='ocr_line' id='line_1_17' title="bbox 293 2469 1285 2568; baseline -0.003 -25"><span class='ocrx_word' id='word_1_104' title='bbox 293 2472 328 2543; x_wconf 84' lang='lat'>2.</span> <span class='ocrx_word' id='word_1_105' title='bbox 356 2469 560 2544; x_wconf 85' lang='lat' dir='ltr'>Contrariae</span> <span class='ocrx_word' id='word_1_106' title='bbox 577 2472 621 2544; x_wconf 89' lang='lat' dir='ltr'>A.</span> <span class='ocrx_word' id='word_1_107' title='bbox 636 2471 679 2544; x_wconf 88' lang='grc' dir='ltr'>Ε.</span> <span class='ocrx_word' id='word_1_108' title='bbox 698 2495 773 2543; x_wconf 92' lang='lat' dir='ltr'>non</span> <span class='ocrx_word' id='word_1_109' title='bbox 786 2480 942 2568; x_wconf 88' lang='lat' dir='ltr'>possunt</span> <span class='ocrx_word' id='word_1_110' title='bbox 960 2495 1039 2543; x_wconf 91' lang='lat' dir='ltr'>esse</span> <span class='ocrx_word' id='word_1_111' title='bbox 1055 2471 1159 2542; x_wconf 81' lang='lat' dir='ltr'>simut</span> <span class='ocrx_word' id='word_1_112' title='bbox 1174 2485 1285 2541; x_wconf 80' lang='lat' dir='ltr'>veroe:</span> 
     </span>
     <span class='ocr_line' id='line_1_18' title="bbox 240 2594 1287 2691; baseline 0 -25"><span class='ocrx_word' id='word_1_113' title='bbox 240 2594 361 2667; x_wconf 89' lang='lat' dir='ltr'>sedin</span> <span class='ocrx_word' id='word_1_114' title='bbox 379 2595 532 2667; x_wconf 89' lang='lat' dir='ltr'>materia</span> <span class='ocrx_word' id='word_1_115' title='bbox 549 2594 776 2691; x_wconf 84' lang='lat' dir='ltr'>contingenti</span> <span class='ocrx_word' id='word_1_116' title='bbox 794 2604 880 2668; x_wconf 93' lang='lat' dir='ltr'>sunt</span> <span class='ocrx_word' id='word_1_117' title='bbox 896 2597 1000 2667; x_wconf 81' lang='lat' dir='ltr'>simul</span> <span class='ocrx_word' id='word_1_118' title='bbox 1012 2595 1135 2691; x_wconf 68' lang='lat' dir='ltr'>solem</span> <span class='ocrx_word' id='word_1_119' title='bbox 1188 2595 1287 2672; x_wconf 91' lang='lat' dir='ltr'>Nam</span> 
     </span>
     <span class='ocr_line' id='line_1_19' title="bbox 246 2715 1287 2816; baseline -0.002 -24"><span class='ocrx_word' id='word_1_120' title='bbox 246 2715 300 2793; x_wconf 87' lang='lat'>1⁰.</span> <span class='ocrx_word' id='word_1_121' title='bbox 320 2720 539 2816; x_wconf 85' lang='lat' dir='ltr'>Exponatur</span> <span class='ocrx_word' id='word_1_122' title='bbox 555 2718 779 2792; x_wconf 86' lang='lat' dir='ltr'>Universalis</span> <span class='ocrx_word' id='word_1_123' title='bbox 800 2744 905 2803; x_wconf 90' lang='lat' dir='ltr'>vera;</span> <span class='ocrx_word' id='word_1_124' title='bbox 932 2717 1034 2814; x_wconf 86' lang='lat' dir='ltr'>Ergo</span> <span class='ocrx_word' id='word_1_125' title='bbox 1059 2718 1287 2816; x_wconf 89' lang='lat' dir='ltr'>particularis</span> 
     </span>
     <span class='ocr_line' id='line_1_20' title="bbox 246 2842 1288 2941; baseline 0.001 -26"><span class='ocrx_word' id='word_1_126' title='bbox 246 2866 330 2915; x_wconf 87' lang='lat' dir='ltr'>vera</span> <span class='ocrx_word' id='word_1_127' title='bbox 359 2867 424 2939; x_wconf 92' lang='lat' dir='ltr'>per</span> <span class='ocrx_word' id='word_1_128' title='bbox 456 2844 487 2917; x_wconf 90' lang='lat'>1.</span> <span class='ocrx_word' id='word_1_129' title='bbox 518 2867 559 2928; x_wconf 83' lang='lat' dir='ltr'>o3</span> <span class='ocrx_word' id='word_1_130' title='bbox 588 2844 686 2939; x_wconf 86' lang='lat' dir='ltr'>Ergo</span> <span class='ocrx_word' id='word_1_131' title='bbox 718 2867 802 2939; x_wconf 88' lang='lat' dir='ltr'>quae</span> <span class='ocrx_word' id='word_1_132' title='bbox 831 2842 1039 2941; x_wconf 88' lang='lat' dir='ltr'>particulari</span> <span class='ocrx_word' id='word_1_133' title='bbox 1070 2842 1288 2916; x_wconf 88' lang='lat' dir='ltr'>contradicit</span> 
     </span>
     <span class='ocr_line' id='line_1_21' title="bbox 241 2965 1187 3065; baseline -0.002 -25"><span class='ocrx_word' id='word_1_134' title='bbox 241 2965 333 3040; x_wconf 84' lang='lat' dir='ltr'>falsa</span> <span class='ocrx_word' id='word_1_135' title='bbox 349 2992 415 3065; x_wconf 92' lang='lat' dir='ltr'>per</span> <span class='ocrx_word' id='word_1_136' title='bbox 435 2968 467 3041; x_wconf 94' lang='grc'>1.</span> <span class='ocrx_word' id='word_1_137' title='bbox 520 2967 593 3040; x_wconf 85' lang='lat' dir='ltr'>Sed</span> <span class='ocrx_word' id='word_1_138' title='bbox 610 2968 691 3041; x_wconf 89' lang='lat' dir='ltr'>haec</span> <span class='ocrx_word' id='word_1_139' title='bbox 709 2975 766 3039; x_wconf 87' lang='lat' dir='ltr'>est</span> <span class='ocrx_word' id='word_1_140' title='bbox 783 2967 975 3065; x_wconf 86' lang='lat' dir='ltr'>Expositae</span> <span class='ocrx_word' id='word_1_141' title='bbox 993 2967 1187 3040; x_wconf 87' lang='lat' dir='ltr'>contraria.</span> 
     </span>
    </p>

    <p class='ocr_par' dir='ltr' id='par_1_7' title="bbox 238 3088 1288 3559">
     <span class='ocr_line' id='line_1_22' title="bbox 293 3088 1288 3190; baseline -0.002 -26"><span class='ocrx_word' id='word_1_142' title='bbox 293 3088 346 3164; x_wconf 83' lang='lat'>2⁰.</span> <span class='ocrx_word' id='word_1_143' title='bbox 373 3093 593 3190; x_wconf 84' lang='lat' dir='ltr'>Exponatur</span> <span class='ocrx_word' id='word_1_144' title='bbox 626 3090 850 3164; x_wconf 87' lang='lat' dir='ltr'>Universalis</span> <span class='ocrx_word' id='word_1_145' title='bbox 884 3090 930 3162; x_wconf 87' lang='lat' dir='ltr'>de</span> <span class='ocrx_word' id='word_1_146' title='bbox 963 3091 1116 3162; x_wconf 87' lang='lat' dir='ltr'>materia</span> <span class='ocrx_word' id='word_1_147' title='bbox 1145 3090 1288 3162; x_wconf 86' lang='lat' dir='ltr'>contin·</span> 
     </span>
     <span class='ocr_line' id='line_1_23' title="bbox 240 3215 1286 3313; baseline -0.004 -24"><span class='ocrx_word' id='word_1_148' title='bbox 240 3217 361 3312; x_wconf 83' lang='lat' dir='ltr'>genti3</span> <span class='ocrx_word' id='word_1_149' title='bbox 389 3218 489 3313; x_wconf 86' lang='lat' dir='ltr'>Ergo</span> <span class='ocrx_word' id='word_1_150' title='bbox 511 3225 549 3289; x_wconf 90' lang='lat' dir='ltr'>et</span> <span class='ocrx_word' id='word_1_151' title='bbox 571 3215 654 3288; x_wconf 86' lang='lat' dir='ltr'>haec</span> <span class='ocrx_word' id='word_1_152' title='bbox 677 3216 768 3288; x_wconf 82' lang='lat' dir='ltr'>faisa</span> <span class='ocrx_word' id='word_1_153' title='bbox 793 3224 860 3302; x_wconf 87' lang='lat' dir='ltr'>est,</span> <span class='ocrx_word' id='word_1_154' title='bbox 878 3223 917 3287; x_wconf 87' lang='lat' dir='ltr'>et</span> <span class='ocrx_word' id='word_1_155' title='bbox 941 3215 1171 3288; x_wconf 88' lang='lat' dir='ltr'>Particularis</span> <span class='ocrx_word' id='word_1_156' title='bbox 1188 3238 1286 3300; x_wconf 87' lang='lat' dir='ltr'>vera,</span> 
     </span>
     <span class='ocr_line' id='line_1_24' title="bbox 240 3336 1287 3437; baseline -0.004 -25"><span class='ocrx_word' id='word_1_157' title='bbox 240 3339 277 3412; x_wconf 90' lang='lat' dir='ltr'>vi</span> <span class='ocrx_word' id='word_1_158' title='bbox 293 3339 475 3412; x_wconf 82' lang='lat' dir='ltr'>materiae:</span> <span class='ocrx_word' id='word_1_159' title='bbox 503 3341 603 3434; x_wconf 85' lang='lat' dir='ltr'>Ergo</span> <span class='ocrx_word' id='word_1_160' title='bbox 622 3364 705 3436; x_wconf 86' lang='lat' dir='ltr'>quae</span> <span class='ocrx_word' id='word_1_161' title='bbox 728 3338 938 3437; x_wconf 88' lang='lat' dir='ltr'>particulari</span> <span class='ocrx_word' id='word_1_162' title='bbox 962 3337 1180 3410; x_wconf 84' lang='lat' dir='ltr'>contradicit</span> <span class='ocrx_word' id='word_1_163' title='bbox 1195 3336 1287 3409; x_wconf 81' lang='lat' dir='ltr'>falsa</span> 
     </span>
     <span class='ocr_line' id='line_1_25' title="bbox 238 3461 1285 3559; baseline -0.002 -24"><span class='ocrx_word' id='word_1_164' title='bbox 238 3487 307 3559; x_wconf 88' lang='lat' dir='ltr'>per</span> <span class='ocrx_word' id='word_1_165' title='bbox 326 3464 358 3535; x_wconf 85' lang='lat'>1.</span> <span class='ocrx_word' id='word_1_166' title='bbox 411 3462 484 3534; x_wconf 88' lang='lat' dir='ltr'>Sed</span> <span class='ocrx_word' id='word_1_167' title='bbox 495 3461 576 3534; x_wconf 88' lang='lat' dir='ltr'>haec</span> <span class='ocrx_word' id='word_1_168' title='bbox 591 3471 646 3534; x_wconf 86' lang='lat' dir='ltr'>est</span> <span class='ocrx_word' id='word_1_169' title='bbox 659 3463 850 3557; x_wconf 85' lang='lat' dir='ltr'>Expositae</span> <span class='ocrx_word' id='word_1_170' title='bbox 868 3461 1073 3534; x_wconf 85' lang='lat' dir='ltr'>Universali</span> <span class='ocrx_word' id='word_1_171' title='bbox 1092 3461 1285 3534; x_wconf 87' lang='lat' dir='ltr'>contraria.</span> 
     </span>
    </p>

    <p class='ocr_par' dir='ltr' id='par_1_8' title="bbox 237 3584 1288 4295">
     <span class='ocr_line' id='line_1_26' title="bbox 289 3584 1288 3682; baseline 0.001 -26"><span class='ocrx_word' id='word_1_172' title='bbox 289 3585 327 3659; x_wconf 86' lang='lat'>3.</span> <span class='ocrx_word' id='word_1_173' title='bbox 354 3584 625 3658; x_wconf 82' lang='lat' dir='ltr'>Subcontrariae</span> <span class='ocrx_word' id='word_1_174' title='bbox 644 3585 673 3656; x_wconf 91' lang='grc' dir='ltr'>Ι.</span> <span class='ocrx_word' id='word_1_175' title='bbox 693 3585 737 3657; x_wconf 91' lang='grc' dir='ltr'>Ο.</span> <span class='ocrx_word' id='word_1_176' title='bbox 753 3584 975 3680; x_wconf 73' lang='lat' dir='ltr'>sirnutsotsoe</span> <span class='ocrx_word' id='word_1_177' title='bbox 996 3609 1073 3658; x_wconf 88' lang='lat' dir='ltr'>esse</span> <span class='ocrx_word' id='word_1_178' title='bbox 1100 3610 1176 3657; x_wconf 93' lang='lat' dir='ltr'>non</span> <span class='ocrx_word' id='word_1_179' title='bbox 1202 3608 1288 3682; x_wconf 89' lang='lat' dir='ltr'>pos-</span> 
     </span>
     <span class='ocr_line' id='line_1_27' title="bbox 239 3706 1285 3804; baseline -0.002 -24"><span class='ocrx_word' id='word_1_180' title='bbox 239 3715 346 3780; x_wconf 91' lang='lat' dir='ltr'>sunt:</span> <span class='ocrx_word' id='word_1_181' title='bbox 374 3707 439 3779; x_wconf 91' lang='lat' dir='ltr'>sed</span> <span class='ocrx_word' id='word_1_182' title='bbox 467 3706 571 3776; x_wconf 79' lang='lat' dir='ltr'>simul</span> <span class='ocrx_word' id='word_1_183' title='bbox 599 3730 699 3792; x_wconf 81' lang='lat' dir='ltr'>verce,</span> <span class='ocrx_word' id='word_1_184' title='bbox 729 3706 886 3778; x_wconf 82' lang='lat' dir='ltr'>velana</span> <span class='ocrx_word' id='word_1_185' title='bbox 913 3731 1007 3794; x_wconf 81' lang='lat' dir='ltr'>vera,</span> <span class='ocrx_word' id='word_1_186' title='bbox 1028 3708 1132 3804; x_wconf 61' lang='lat' dir='ltr'>sodo</span> <span class='ocrx_word' id='word_1_187' title='bbox 1162 3709 1285 3793; x_wconf 86' lang='lat' dir='ltr'>attera,</span> 
     </span>
     <span class='ocr_line' id='line_1_28' title="bbox 241 3829 1288 3928; baseline -0.001 -24"><span class='ocrx_word' id='word_1_188' title='bbox 241 3855 320 3904; x_wconf 86' lang='lat' dir='ltr'>esse</span> <span class='ocrx_word' id='word_1_189' title='bbox 349 3838 515 3928; x_wconf 91' lang='lat' dir='ltr'>possunt.</span> <span class='ocrx_word' id='word_1_190' title='bbox 565 3829 662 3902; x_wconf 89' lang='lat' dir='ltr'>Sunt</span> <span class='ocrx_word' id='word_1_191' title='bbox 692 3830 790 3902; x_wconf 91' lang='lat' dir='ltr'>enim</span> <span class='ocrx_word' id='word_1_192' title='bbox 821 3830 905 3904; x_wconf 90' lang='lat' dir='ltr'>duae</span> <span class='ocrx_word' id='word_1_193' title='bbox 939 3831 1096 3904; x_wconf 87' lang='lat' dir='ltr'>duarum</span> <span class='ocrx_word' id='word_1_194' title='bbox 1130 3830 1288 3914; x_wconf 60' lang='lat' dir='ltr'>Contra:</span> 
     </span>
     <span class='ocr_line' id='line_1_29' title="bbox 239 3952 1285 4052; baseline -0.001 -26"><span class='ocrx_word' id='word_1_195' title='bbox 239 3955 375 4027; x_wconf 88' lang='lat' dir='ltr'>riarum</span> <span class='ocrx_word' id='word_1_196' title='bbox 394 3952 712 4041; x_wconf 87' lang='lat' dir='ltr'>Contradictoriae,</span> <span class='ocrx_word' id='word_1_197' title='bbox 727 3962 771 4026; x_wconf 91' lang='lat' dir='ltr'>ut</span> <span class='ocrx_word' id='word_1_198' title='bbox 796 3954 835 4026; x_wconf 93' lang='lat' dir='ltr'>in</span> <span class='ocrx_word' id='word_1_199' title='bbox 853 3953 1049 4027; x_wconf 87' lang='lat' dir='ltr'>Schemate</span> <span class='ocrx_word' id='word_1_200' title='bbox 1066 3963 1182 4052; x_wconf 90' lang='lat' dir='ltr'>patet,</span> <span class='ocrx_word' id='word_1_201' title='bbox 1201 3978 1285 4026; x_wconf 90' lang='lat' dir='ltr'>cum</span> 
     </span>
     <span class='ocr_line' id='line_1_30' title="bbox 237 4077 1286 4175; baseline 0.002 -26"><span class='ocrx_word' id='word_1_202' title='bbox 237 4078 431 4150; x_wconf 86' lang='lat' dir='ltr'>contrariis</span> <span class='ocrx_word' id='word_1_203' title='bbox 448 4077 669 4150; x_wconf 90' lang='lat' dir='ltr'>decussatim</span> <span class='ocrx_word' id='word_1_204' title='bbox 683 4077 951 4174; x_wconf 87' lang='lat' dir='ltr'>comparandae.</span> <span class='ocrx_word' id='word_1_205' title='bbox 1003 4080 1140 4165; x_wconf 85' lang='lat' dir='ltr'>Quare,</span> <span class='ocrx_word' id='word_1_206' title='bbox 1155 4079 1237 4175; x_wconf 87' lang='lat' dir='ltr'>(per</span> <span class='ocrx_word' id='word_1_207' title='bbox 1254 4077 1286 4151; x_wconf 90' lang='lat'>1.</span> 
     </span>
     <span class='ocr_line' id='line_1_31' title="bbox 240 4199 1287 4295; baseline -0.001 -24"><span class='ocrx_word' id='word_1_208' title='bbox 240 4206 278 4272; x_wconf 91' lang='lat' dir='ltr'>et</span> <span class='ocrx_word' id='word_1_209' title='bbox 303 4201 356 4295; x_wconf 83' lang='lat'>2.)</span> <span class='ocrx_word' id='word_1_210' title='bbox 384 4200 655 4275; x_wconf 82' lang='lat' dir='ltr'>Subcontrariae</span> <span class='ocrx_word' id='word_1_211' title='bbox 669 4209 768 4294; x_wconf 86' lang='lat' dir='ltr'>sunt</span> <span class='ocrx_word' id='word_1_212' title='bbox 796 4201 835 4274; x_wconf 94' lang='lat' dir='ltr'>in</span> <span class='ocrx_word' id='word_1_213' title='bbox 865 4201 967 4274; x_wconf 91' lang='lat' dir='ltr'>nulla</span> <span class='ocrx_word' id='word_1_214' title='bbox 994 4202 1149 4275; x_wconf 88' lang='lat' dir='ltr'>materia</span> <span class='ocrx_word' id='word_1_215' title='bbox 1179 4199 1287 4274; x_wconf 91' lang='lat' dir='ltr'>simul</span> 
     </span>
    </p>
   </div>
   <div class='ocr_carea' id='block_1_3' title="bbox 0 0 1546 5130">
    <p class='ocr_par' dir='ltr' id='par_1_9' title="bbox 0 0 1546 5130">
     <span class='ocr_line' id='line_1_32' title="bbox 0 0 1546 5130; baseline 0 1"><span class='ocrx_word' id='word_1_216' title='bbox 0 0 1546 5130; x_wconf 95' lang='lat' dir='ltr'> </span> 
     </span>
    </p>
   </div>
  </div>
 </body>
</html>
