3082 5130
582 456 814 509 auniunurA.
1163 435 1220 534 ,57
1311 431 1313 433 ¹

221 629 256 702 2;
283 630 456 709 Quorum
477 631 596 701 unum
619 630 803 718 convenit,
824 631 981 706 alterum
1007 633 1130 706 differt
1154 633 1220 707 uni
1244 661 1249 672 ’

105 827 111 852 3
171 758 209 831 et
226 751 345 824 eidem
364 750 487 837 tertio,
505 775 549 822 ea
566 751 742 825 differunt
758 753 855 828 inter
872 778 922 828 se.

181 874 183 878 ⁴
219 875 254 948 3.
282 875 378 956 Quae
395 898 472 946 non
485 875 711 947 conveniunt
727 876 765 949 in
781 901 860 950 uno
872 878 996 975 aliquo
1014 879 1218 986 eodemque

170 998 295 1084 tertio,
310 1023 354 1070 ea
370 1022 447 1070 non
465 998 694 1089 conveniunt
707 999 804 1072 inter
821 1024 871 1074 se.
924 1061 927 1063 Α
1236 1006 1238 1010 ’

221 1118 339 1193 Sunto
358 1119 457 1202 enim
473 1120 557 1192 Aet
572 1121 617 1207 C
627 1146 696 1195 nec
716 1122 893 1217 assignari
909 1122 1025 1220 possit
1038 1123 1218 1220 ejusmodi
1243 1192 1244 1195 ,

169 1241 330 1328 tertium,
352 1244 452 1339 Ergo
476 1242 566 1315 nihil
593 1243 732 1317 habent
716 1251 975 1331 t;commune
1013 1246 1112 1343 Ergo
1141 1271 1218 1320 non

168 1367 395 1450 conveniunt
411 1366 508 1439 inter
526 1391 576 1440 se.

217 1490 251 1561 4.
278 1490 449 1571 Quorum
473 1490 596 1562 neutri
620 1490 717 1564 inest
740 1491 841 1588 quod
858 1517 935 1565 non
953 1491 999 1565 sit
1014 1491 1053 1563 in
1071 1493 1155 1580 alio,
1173 1517 1230 1567 ea¹

168 1634 244 1683 non
262 1611 436 1685 differunt
453 1612 549 1684 inter
567 1637 605 1685 sc
616 1609 634 1689 ἱ.

218 1735 253 1806 5.
280 1737 375 1814 Quae
399 1758 475 1806 non
501 1735 703 1829 probantur
728 1736 925 1808 convenire
941 1736 981 1808 in
999 1760 1073 1809 uno
1091 1737 1214 1834 aliquo
1332 1767 1334 1770 ⁴
1358 1828 1380 1844 ..

168 1856 373 1953 eodemque
391 1856 512 1941 terti0,
530 1880 574 1928 ea
590 1879 667 1928 non
684 1854 889 1953 probantur
906 1858 1102 1930 convenire
1119 1859 1216 1931 inter

170 2001 221 2049 se
275 1977 444 2050 Dubitari
468 1976 566 2049 enim
591 1985 714 2074 potest
743 1986 870 2051 utrum
900 1977 1009 2051 detur
1038 1979 1216 2086 ejusmodi

168 2099 329 2187 tertium,
347 2110 385 2172 et
401 2082 581 2173 dubitatio
598 2099 669 2172 ista
684 2124 761 2172 non
779 2100 931 2174 tollitur.

218 2224 253 2297 6.
281 2225 337 2295 De
373 2223 504 2319 quibus
538 2246 614 2294 non
648 2223 838 2360 probatur,
868 2223 1064 2297 convenire
1097 2245 1214 2301 unum

142 2346 286 2419 eidem
320 2345 428 2418 ahcui
462 2345 571 2418 tertio
607 2346 666 2418 cui
701 2346 858 2418 alterurn
891 2345 1026 2444 differt,
1060 2372 1104 2420 ea
1137 2374 1213 2424 non

165 2469 368 2583 probantur
388 2469 611 2553 differre't
557 2476 611 2541 ιιιι
614 2493 653 2541 er
674 2493 723 2549 se
736 2469 945 2542 Dubitari
962 2470 1061 2543 enim
1076 2481 1213 2573 potest,

163 2600 291 2665 ιιιιιιιιι
308 2592 417 2665 detur
430 2591 611 2688 ejusmodi
628 2592 790 2678 tertium,
802 2591 839 2688 h.
854 2617 885 2665 e.
903 2601 1030 2666 utrum
1048 2596 1213 2672 alterutri

163 2716 249 2789 insit
267 2716 368 2813 quod
384 2740 460 2789 non
475 2714 556 2788 est
545 2739 584 2788 ιιι
602 2715 767 2812 reliquo;
795 2722 833 2788 et
817 2715 954 2789 tdubit
938 2718 1095 2792 tatiot1st
1096 2745 1119 2793 a
1135 2745 1211 2801 non

165 2836 338 2925 tollitur¹.

203 3120 211 3166 ι
230 3118 296 3176 The
316 3119 398 3177 third
417 3118 479 3176 and
500 3117 602 3176 fourth
623 3135 737 3176 canons
756 3117 850 3177 relato
871 3123 903 3176 to
921 3117 1094 3176 conditione
1112 3119 1211 3179 under

164 3214 262 3274 which
276 3234 318 3273 no
332 3215 488 3292 syllogism
505 3233 559 3270 aaa
572 3213 658 3271 exist.
702 3214 803 3271 “Two
817 3214 930 3289 thinga
944 3213 1043 3270 which
1061 3214 1136 3272 have
1155 3223 1214 3274 not·

122 3305 125 3310 ’
164 3309 282 3383 apoint
296 3311 329 3367 in
343 3327 493 3375 common,
509 3327 559 3366 are
573 3308 679 3384 totally
690 3308 840 3366 distinot.”
872 3319 889 3341 ‘⁴
899 3309 971 3388 Two
986 3309 1099 3385 things,
1110 3311 1210 3370 which

163 3404 239 3462 have
253 3412 308 3463 not
321 3424 339 3463 a
352 3405 439 3479 point
452 3403 487 3461 of
497 3402 666 3472 differenoe,
682 3423 732 3462 are
747 3404 1070 3481 undistinguishable.”
1111 3406 1174 3464 But
1187 3409 1214 3465 if
1232 3390 1235 3395 ’

163 3498 249 3558 there
263 3500 289 3558 is
303 3519 344 3559 no
359 3501 434 3558 such
448 3499 543 3575 point,
558 3500 644 3557 thero
658 3500 685 3557 is
698 3518 740 3558 no
754 3499 869 3558 middle
883 3506 970 3569 term,
986 3501 1046 3559 and
1060 3501 1210 3563 therefore

162 3613 204 3654 no
219 3596 383 3673 syllogism.

203 3692 214 3726 ι
235 3691 302 3749 The
329 3691 397 3750 fifth
418 3691 479 3749 and
500 3691 580 3749 sixth
608 3709 722 3750 canons
751 3692 844 3749 relate
865 3698 896 3751 to
918 3693 1090 3753 conditione
1111 3695 1210 3755 under

162 3785 261 3843 which
287 3806 328 3847 no
356 3788 512 3864 syllogism
540 3789 603 3844 does
631 3787 716 3845 exist.
771 3797 787 3820 “
802 3786 835 3844 Ii
857 3805 899 3845 no
925 3789 1014 3863 point
1039 3789 1096 3848 has
1128 3791 1207 3850 been
1319 3789 1321 3795 ’

162 3882 313 3960 assigned,
335 3884 470 3941 whether
490 3881 525 3940 of
548 3889 722 3960 agreement
743 3901 777 3941 or
801 3881 989 3942 differenoe.'’
1030 3885 1092 3943 But
1115 3885 1142 3944 it'
1162 3905 1206 3955 so,

162 3981 247 4039 there
262 3983 288 4039 is
302 3999 343 4039 no
358 3980 523 4057 syllogism.

202 4078 310 4135 Hence
338 4077 424 4134 these
451 4075 519 4133 four
539 4082 651 4134 cannot
670 4076 709 4134 be
731 4075 827 4133 called
848 4094 962 4136 canons
982 4077 1017 4136 of
1040 4079 1205 4157 syllogism.

162 4173 248 4249 They
269 4192 338 4250 may
359 4173 396 4230 be
424 4171 533 4238 useful,
555 4170 700 4239 however,
722 4171 769 4230 for
796 4173 970 4250 examining
997 4175 1048 4232 the
1076 4177 1207 4254 illogical

163 4270 312 4351 positions
327 4270 361 4328 of
372 4275 410 4328 an
425 4275 588 4344 opponent.
