3082 5130
664 473 893 522 nunmmnm.
1253 449 1300 522 85

304 642 334 713 l.
362 645 522 723 Quando
547 670 616 741 pro
643 649 802 719 termino
833 647 1036 745 repetendo
1067 621 1433 773 substituiturpnprg-Pr·

247 788 321 836 vox
355 766 407 839 illi
441 769 693 866 aequipollens.
744 772 797 844 Ut
831 772 868 843 in
903 772 988 858 hoc,
1022 768 1103 843 Eas
1137 759 1329 842 natanalc'
1375 761 1380 774 ⁸

247 898 405 959 constans
439 916 578 983 corpore
615 897 778 987 orpanico
812 905 845 964 ct
885 897 1004 965 arcina
1045 896 1213 964 rationali
1250 905 1300 964 est
1372 920 1377 928 ·

247 1007 369 1082 bomo:
406 1013 567 1085 Socrates
601 1027 651 1088 est
686 1017 872 1112 pnsmodi:
911 1041 998 1112 ergo
1033 1027 1082 1088 est
1116 1016 1226 1104 borno,
1261 1025 1299 1090 et

247 1132 432 1208 similibus.
485 1139 614 1212 Potest
627 1141 726 1212 enim
740 1139 914 1238 Sophiste
927 1141 1028 1213 abuti
1045 1141 1116 1213 ista
1128 1140 1296 1212 libertate

246 1255 306 1327 vel
322 1257 369 1329 ad
386 1262 600 1357 nugandum
619 1264 678 1336 vel
696 1264 743 1335 ad
759 1263 971 1340 fallendum,
1341 1356 1344 1361 Ι

296 1381 330 1452 2.
357 1381 515 1466 Quando
541 1386 636 1459 fiunt
663 1387 872 1483 Syllogismi
903 1412 950 1459 ex
981 1387 1150 1482 obliquis5
1179 1387 1296 1483 qualis

217 1581 219 1585 ¹
246 1512 313 1590 est,
333 1504 452 1577 Omnis
470 1508 618 1581 bominis
635 1535 741 1604 equas
765 1515 896 1582 currit:
924 1510 1087 1581 Socrates
1105 1519 1154 1580 est
1172 1508 1297 1592 borno,·

246 1651 333 1723 ergo
368 1630 526 1702 Socratis
560 1658 665 1726 equas
700 1635 821 1704 currit.
874 1635 947 1706 Pro
988 1632 1121 1705 minori
1160 1632 1297 1703 rectius

245 1751 378 1825 dixeris
403 1754 561 1826 Socratis
588 1780 694 1848 eancs
717 1766 767 1825 est
792 1755 941 1826 bominis
966 1779 1083 1848 equas,
1102 1755 1189 1827 alias
1209 1780 1297 1827 con-

245 1876 447 1969 sequentia,
464 1876 551 1948 licet
576 1878 687 1964 bona,
704 1902 780 1949 non
804 1878 873 1948 erit
897 1876 1119 1949 immediata.
1171 1878 1295 1973 Atque

243 1998 307 2070 illo
333 1999 483 2096 insuper
507 2000 651 2073 laborat
677 2001 874 2098 disputatio
902 2001 1021 2073 omnis
1049 2025 1096 2072 ex
1126 2001 1295 2097 obliquis,

245 2123 345 2218 quod
362 2132 497 2219 praeter
514 2124 769 2196 necessitatem
787 2125 903 2221 aperit
920 2124 1045 2197 locum
1062 2124 1225 2202 fallaciae.

297 2251 330 2319 3.
358 2247 517 2327 Quando
543 2249 744 2345 propositio
771 2249 893 2351 aliqua
918 2248 1134 2343 intelligitur
1164 2256 1294 2329 contra

246 2394 357 2464 quam
398 2379 517 2457 sonat,
558 2397 589 2444 e.
607 2396 641 2468 g.
687 2371 792 2457 Quod
830 2398 898 2443 non
932 2371 1035 2442 babet
1069 2381 1192 2463 partes
1226 2397 1294 2444 non

244 2494 363 2563 inierit
384 2517 452 2582 per
481 2493 735 2569 dissolutionem
759 2497 942 2585 partiunt:
981 2492 1112 2574 Anima
1141 2493 1295 2565 bantana

243 2640 312 2685 non
337 2614 441 2687 babet
460 2617 607 2707 partes;
633 2641 721 2713 ergo
748 2620 866 2688 anima
893 2616 1046 2697 bantana
1076 2642 1144 2688 non
1174 2620 1295 2688 interit

241 2761 305 2827 per
321 2737 576 2817 dissolutionem
589 2743 758 2829 partiam.
812 2741 908 2812 Nam
927 2741 1045 2836 major
1058 2747 1166 2812 sonat
1183 2763 1294 2835 nega-

243 2861 328 2948 tive,
345 2862 559 2958 intelligitur
584 2888 671 2936 vero
698 2864 897 2939 affirmate:
924 2871 1026 2960 puta,
1049 2863 1152 2948 Quod
1173 2866 1294 2933 interit

244 2986 306 3056 &c
325 2985 427 3056 babet
444 2996 576 3076 partes,
630 2987 698 3057 Vel
720 2987 831 3058 etiam
854 2988 1006 3082 singulae
1023 2985 1292 3082 propositiones

241 3107 497 3202 intelliguntur
532 3108 724 3193 affirmate,
758 3133 801 3179 ac
837 3108 866 3179 si
908 3116 1004 3180 esset
1039 3106 1293 3202 Syllogismus‚

245 3229 351 3301 Omne
377 3253 501 3320 expers
525 3240 574 3299 est
600 3228 885 3318 incorruptibile:
912 3227 1044 3299 Anima
1065 3227 1218 3298 bantana
1243 3240 1293 3299 est

242 3376 366 3443 eapers
375 3381 390 3436 ;
417 3375 504 3447 ergo
522 3353 641 3421 anima
659 3349 813 3421 bantana
829 3363 879 3422 est
896 3351 1179 3442 incorruptibilis.

294 3475 438 3547 Eodem
480 3474 666 3547 accenseri
714 3484 871 3570 possunt
914 3475 1122 3573 Syllogismi
1166 3474 1292 3569 quales

242 3598 389 3671 Author
405 3596 507 3668 Artis
525 3597 723 3691 copitandi⁰
743 3607 852 3670 vocat
872 3597 1084 3690 Cornplesrm,
1103 3598 1140 3670 in
1160 3599 1292 3694 quibus

281 3768 293 3791 ¹¹
313 3757 425 3813 Antbor
445 3757 525 3812 Artis
546 3755 706 3829 Capitanclc'.
750 3756 816 3812 The
838 3755 919 3812 work
940 3755 1062 3813 alluded
1083 3762 1114 3813 to
1136 3757 1163 3813 is
1186 3765 1202 3788 “
1217 3756 1293 3814 l'Art

243 3852 280 3908 de
302 3853 439 3927 penser,''
461 3852 635 3927 commonly
656 3851 753 3908 called
780 3852 832 3908 the
858 3851 931 3908 Port
951 3851 1047 3927 Royal
1067 3852 1171 3928 Logic.
1214 3853 1291 3910 This

241 3948 323 4005 work
349 3949 404 4005 has
432 3949 510 4005 been
531 3948 668 4005 ascribed
696 3954 728 4005 to
748 3949 867 4006 various
890 3948 1023 4014 authors,
1046 3948 1101 4006 but
1121 3968 1181 4006 was
1210 3954 1293 4005 most

241 4044 387 4120 probably
406 4046 525 4102 written
550 4045 590 4120 by
610 4044 754 4111 Arnauld,
778 4044 908 4102 assisted
932 4043 972 4120 by
993 4043 1116 4112 Nicole;
1147 4045 1199 4103 the
1225 4044 1293 4101 first

242 4139 357 4198 edition
371 4160 430 4198 was
445 4140 609 4216 published
623 4148 653 4198 at
667 4140 751 4198 Paris
766 4141 799 4197 in
814 4143 900 4197 1664.
943 4141 1012 4198 The
1027 4139 1180 4197 character
1193 4139 1227 4197 ol
1239 4141 1292 4197 the

242 4236 322 4294 book
335 4237 375 4312 by
388 4256 428 4293 no
449 4255 554 4294 means
572 4243 715 4293 warrants
733 4237 785 4294 the
805 4243 1039 4311 contemptuous
1060 4235 1185 4311 opinion
1207 4234 1241 4292 of
1258 4236 1290 4302 it,

242 4333 314 4390 here
329 4333 389 4391 and
404 4334 566 4391 elsewhere
582 4333 743 4408 expressed
759 4333 798 4408 by
812 4331 945 4388 Aldrich.
