3082 5130
664 465 894 516 summumn—
1113 485 1115 490 ·
1248 445 1304 518 *25

167 669 168 672 ¹
259 643 395 717 Generi
411 642 614 740 subjicitur,
630 649 668 713 et
684 641 730 714 de
748 649 906 736 cognata
927 641 1304 738 Specie'praedicatur.

257 768 359 841 Voco
394 775 520 840 autem
551 764 720 860 Cognato,
751 788 836 863 quae
866 788 914 838 ex
940 763 1072 838 'iisdem
1102 765 1304 841 Individuis

131 961 135 965 .
256 871 436 990 perpetua
485 891 731 964 abstractione
783 890 1029 987 colliguntur;
1081 898 1123 963 ut
1168 890 1303 980 Homo,

256 1014 413 1101 Animal,
461 1015 597 1101 Vivens,
642 1011 787 1107 Capua,
830 1012 1068 1086 Substantia:
1123 1039 1208 1111 quae
1254 1039 1302 1088 ex

124 1225 128 1234 ,
254 1137 411 1224 Socrate,
445 1137 595 1210 Platone
628 1139 691 1211 &a
735 1138 945 1236 expurgatis
984 1137 1159 1211 continue
1200 1130 1303 1212 diffe-

252 1264 382 1347 rentiis
396 1265 573 1357 oriuntur.

207 1473 209 1480 Ι
306 1387 435 1483 [Hanc
467 1388 598 1461 seriem
622 1387 837 1484 itaplacuit
855 1388 1022 1461 describi
1049 1396 1092 1461 ut
1122 1390 1302 1486 quodam·
1343 1374 1346 1380 ⁶

194 1494 196 1497 ⁵
245 1507 364 1582 'modo
391 1511 544 1584 referret
568 1511 759 1584 arborem:
796 1511 927 1584 saltem
960 1535 983 1583 a
1012 1512 1217 1610 Porphyrio
1248 1513 1300 1586 sic

252 1632 434 1733 descripta
457 1657 459 1661 ’
481 1633 741 1728 Porphyrionis
781 1631 952 1705 Arboris⁸
992 1658 1129 1707 nomen
1159 1634 1297 1708 habet.

197 1739 200 1744 ¹
254 1759 377 1856 Hujus
417 1769 575 1829 truncum
608 1756 788 1830 referebat
827 1758 919 1828 tinec
960 1756 1106 1843 directa,
1144 1758 1183 1830 in
1225 1782 1298 1853 qua

253 1882 399 1952 Genera
415 1889 454 1957 et
470 1879 617 1976 Species
634 1878 903 1952 scribebantur:
929 1877 967 1949 in
980 1902 1141 1969 suprema
1153 1879 1298 1954 Tabula

184 1978 191 2089 J
253 2003 380 2074 Genus
417 2023 614 2100 summum,
647 2001 687 2075 in
720 2003 792 2077 ima
827 2000 975 2098 Species
1008 1998 1153 2074 infima:
1196 1999 1296 2075 unde

215 2159 218 2166 ¹
252 2106 423 2199 Nomina.
493 2125 597 2198 Inter
645 2124 728 2197 haec
772 2122 898 2196 Media
949 2122 1179 2211 Subaltema,
1228 2148 1296 2199 suo

133 2234 159 2266 ⁸
220 2317 221 2320 ,
250 2248 388 2322 ordine.

216 2380 217 2384 ’
299 2370 531 2444 Differentiae.
560 2370 607 2444 ad
638 2370 736 2442 latus
765 2376 852 2442 sunt
885 2368 1089 2467 dispositae3
1125 2368 1173 2442 ad
1203 2393 1294 2465 quas

248 2494 371 2567 ductae
405 2485 435 2565 a¹
456 2478 665 2565 ¹Generibus
699 2492 773 2564 suis
805 2492 914 2565 lineae
948 2490 1143 2564 Remorum
1177 2493 1294 2567 instar

200 2668 206 2679 „
225 2615 488 2714 pertinebant.
542 2614 735 2689 Individua
757 2617 825 2689 sub
852 2614 971 2716 specie
997 2614 1124 2688 infima
1144 2616 1292 2713 oblique

237 2738 426 2835 ¹descripta
443 2746 541 2826 sunt,
559 2726 663 2834 quasi
679 2739 897 2837 propagines
915 2736 1090 2836 Radicis.]

141 3023 143 3026 ⁴
242 3021 340 3099 which
355 3039 373 3078 a
387 3020 504 3097 subject
515 3039 585 3097 may
596 3020 685 3079 stand
699 3028 731 3078 to
745 3022 785 3079 its
798 3021 959 3097 predicate.
1002 3022 1077 3080 Man
1091 3023 1118 3079 is
1133 3041 1151 3080 a
1165 3023 1288 3099 Species

125 3117 127 3120 ⁴
156 3189 157 3192 Ἴ
191 3191 192 3195 ¹
242 3124 274 3174 to
297 3115 428 3196 Animal.
471 3116 538 3174 The
562 3117 668 3192 theory
691 3116 725 3173 of
745 3134 784 3173 an
803 3118 904 3189 infimo
927 3117 1053 3191 species,
1074 3116 1191 3192 though
1215 3118 1288 3176 held

242 3204 447 3289 indifferently
456 3213 497 3289 by
506 3212 621 3270 writers
634 3212 668 3270 of
675 3213 715 3270 all
727 3213 877 3287 opinions,
891 3231 946 3270 can
958 3213 1030 3289 only
1040 3213 1078 3270 be
1090 3214 1288 3292 consistently

241 3299 428 3368 maintained
441 3310 482 3385 by
496 3329 515 3367 a
526 3310 641 3368 Ructat
685 3310 743 3367 See
757 3309 925 3384 Appendhr,
940 3315 1012 3366 note
1026 3309 1060 3366 A.

281 3404 359 3479 ‘By
385 3404 438 3461 the
464 3403 566 3462 Greek
590 3404 753 3481 Logicians
779 3405 805 3463 it
827 3423 888 3462 was
913 3404 1089 3462 sometimes
1114 3403 1210 3464 called
1233 3405 1286 3464 the

148 3490 149 3494 ἵ
241 3504 340 3560 loddcr
352 3498 469 3581 (κλίμαξ)
482 3501 516 3560 of
526 3502 689 3580 Porphyry.
