3082 5130
669 487 863 540 areanum.
1218 464 1288 542 127

243 664 401 737 nominis
418 664 564 736 aliunde
582 667 813 762 promeritus,
831 664 933 760 quod
955 663 1118 736 adhunc
1136 663 1289 737 modum

242 798 375 862 contra
401 789 549 860 Motum
575 788 787 886 disputaret.
839 787 974 859 Mobile
1000 798 1154 859 movetur
1178 788 1232 858 cel
1252 790 1290 859 to

245 938 311 1008 quo
329 923 381 983 est
397 915 480 1019 locp,
499 913 553 983 vel
568 914 605 983 iu
623 937 689 1006 quo
715 937 782 983 non
800 922 870 996 eat,
896 910 948 981 At
969 921 1130 982 neutrum
1147 910 1290 994 horum,

246 1027 346 1130 Ergo
364 1033 448 1106 Non
466 1037 613 1105 omnino.
666 1035 774 1107 Unde
798 1033 916 1106 facete
940 1032 1044 1106 illum
1064 1033 1152 1105 lusit
1171 1033 1291 1105 Hero·

243 1159 377 1256 philus,
408 1158 471 1253 qui
500 1164 542 1228 ut
571 1157 739 1230 luxatum
773 1157 824 1229 illi
853 1156 1049 1228 humerum
1082 1156 1292 1228 restitueret

242 1290 407 1376 rogatus
428 1279 525 1350 Tuus
544 1279 696 1374 (inquit)
715 1278 876 1348 humerus
897 1278 951 1349 ael
974 1281 1011 1350 in
1034 1303 1100 1373 quo
1121 1289 1196 1349 erat
1217 1279 1290 1350 loco

244 1407 395 1476 existens
416 1403 559 1489 eccidit,
577 1405 631 1474 vel
654 1407 691 1474 in
715 1427 781 1496 quo
806 1427 874 1473 noa
895 1414 982 1473 erut.
1033 1402 1107 1475 Sed
1129 1413 1290 1474 neutrum

244 1525 365 1597 torum
376 1555 391 1611 ;
434 1528 534 1621 Ergo
573 1551 641 1597 non
680 1528 828 1597 omnino.
882 1526 1033 1599 Diodori
1070 1534 1289 1622 argumento

243 1649 401 1722 breviter
431 1657 468 1720 et
494 1649 685 1746 perspicue
706 1648 905 1743 respondet
933 1649 1155 1734 GassenduS,
1178 1649 1291 1729 Quod

243 1781 414 1845 movetur
438 1771 578 1843 moveri
605 1795 627 1840 o
650 1772 724 1840 loco
750 1771 786 1841 in
818 1794 894 1866 quo
917 1779 1006 1856 erat,
1025 1795 1092 1861 per
1116 1772 1226 1842 locum
1250 1771 1289 1842 in

245 1919 319 1989 quo
347 1903 402 1966 est
426 1894 519 1987 (sive
543 1916 654 1988 quem
680 1893 906 1988 pertransit),
935 1893 984 1962 od
1012 1894 1122 1964 locum
1145 1895 1184 1965 in
1214 1918 1289 1989 quo
1348 1878 1350 1883 Α

244 2019 412 2092 nondum
429 2026 496 2104 est,
514 2018 578 2089 sed
595 2017 760 2090 futurum
779 2026 845 2090 est.

295 2144 329 2214 3.
355 2145 598 2215 Rauranocuu
616 2149 725 2214 vocat
742 2143 1012 2238 Argumentum
1028 2141 1174 2231 Gellius,
1188 2144 1289 2238 quod

245 2270 376 2341 Graece
402 2269 534 2341 dicitur
559 2261 850 2366 Ἀντιστρέφονε
884 2271 942 2342 cui
959 2269 1175 2343 illustrando
1202 2293 1291 2342 con·

244 2392 332 2464 ficta
361 2400 417 2464 est
447 2393 585 2465 Fabula
614 2418 699 2488 quae
726 2394 942 2466 Graecorum
970 2393 1171 2465 vanitatem
1202 2390 1287 2465 olet.

244 2514 407 2588 Narrant
432 2516 528 2587 enim
554 2516 650 2587 inter
668 2517 909 2611 Protagoram
935 2523 973 2586 et
997 2515 1212 2603 Euathlum,
1229 2516 1289 2588 vel

244 2639 302 2733 (ut
335 2638 478 2712 facetiae
507 2639 611 2712 locus
641 2639 703 2733 sit)
731 2641 827 2712 inter
855 2639 1057 2712 Coracem⁸⁸
1083 2648 1121 2711 et
1150 2638 1288 2714 Tisiam

242 2763 467 2849 convenisse,
501 2772 544 2834 ut
586 2763 686 2836 hunc
727 2763 788 2835 ille
831 2763 1070 2836 Dialecticam
1111 2765 1284 2850 doceret3

241 2885 351 2981 idque
376 2885 445 2958 hac
470 2886 564 2981 lege,
588 2895 632 2959 ut
657 2885 847 2958 dimidium
874 2887 1052 2958 mercedis
1078 2888 1202 2960 statim
1228 2913 1288 2960 ac-

242 3009 400 3106 ciperet;
427 3010 622 3105 reliquum,
640 3034 725 3082 cum
747 3009 945 3105 discipulus
964 3033 1113 3082 causam
1130 3011 1285 3085 vicisset.

242 3131 403 3204 Primam
433 3132 566 3204 exinde
595 3131 698 3203 litem
729 3155 814 3202 cum
843 3130 1033 3227 Discipulo
1060 3138 1287 3205 contestatus

145 3346 150 3355 .
242 3262 299 3326 est
317 3255 506 3348 Magister,
525 3278 610 3325 cum
626 3253 805 3325 mercedis
822 3253 1005 3348 reliquum
1021 3253 1103 3349 lege
1120 3263 1284 3351 peteret;

241 3378 342 3474 apud
358 3378 380 3449 J
384 3379 506 3450 udices
523 3401 610 3450 vero
629 3378 679 3450 sic
701 3377 854 3473 agebat:
882 3378 963 3470 Eoo
980 3380 1011 3448 ai
1028 3380 1152 3464 vicero,
1174 3378 1286 3467 Tisia,

245 3501 301 3574 Tu
317 3504 424 3573 soloas
446 3503 686 3589 exaestuatio,
704 3505 759 3574 sio
782 3504 907 3589 minue,
926 3527 970 3574 ee
987 3513 1116 3595 pocto;
1143 3515 1286 3599 utroque

240 3627 349 3720 igitur
373 3626 472 3696 modo
496 3625 692 3696 solvendum
719 3636 780 3699 est.
832 3625 1039 3723 Respondit
1055 3627 1185 3713 Tisias,
1203 3626 1285 3722 Epo

240 3750 330 3820 nihil
352 3751 464 3834 solvo;
494 3748 550 3820 Tu
574 3752 606 3820 si
631 3751 766 3835 cleeris,
790 3773 836 3819 ea
855 3759 982 3841 pocto;
1008 3752 1063 3821 sin
1089 3753 1215 3838 minua,
1241 3775 1287 3823 ea·

281 4040 293 4063 ⁸
314 4028 381 4085 The
401 4036 482 4104 story
495 4029 522 4085 is
544 4027 607 4086 told
629 4027 663 4086 of
681 4027 860 4105 Protagoras
879 4029 939 4087 and
958 4030 1109 4089 Euathlus
1132 4031 1172 4106 by
1189 4031 1286 4088 Aulus

242 4123 370 4190 Gellius
385 4143 411 4180 v.
430 4127 474 4181 10.
495 4123 555 4181 and
576 4124 616 4199 by
630 4124 786 4200 Apuleius,
803 4125 915 4182 Florid.
936 4125 973 4182 iv.
992 4129 1053 4192 18.;
1076 4125 1110 4184 of
1126 4125 1231 4194 Corax,
1247 4127 1287 4202 by

242 4216 322 4277 Sext.
337 4219 453 4293 Empir.
474 4217 538 4276 adv.
560 4218 655 4277 Math.
675 4238 704 4295 p.
729 4223 775 4277 81.
812 4219 857 4277 Of.
879 4220 999 4298 Manag.
1022 4221 1061 4278 ad
1080 4221 1169 4298 Diog.
1185 4221 1285 4280 Laert.

241 4314 278 4370 ix.
296 4316 342 4370 56.
