3082 5130
663 466 857 518 neennmx.
1162 456 1165 461 ’
1213 442 1283 514 129

289 638 466 712 Subtilius
496 641 680 737 disputare
698 642 923 715 videbantur
951 636 1014 737 qui
1039 641 1088 713 sic
1113 639 1283 734 agebant.

152 801 156 806 ·
227 761 421 835 'Cretenses
447 789 517 837 esse
542 765 720 837 mendaces
746 767 829 838 dicit
857 765 1082 859 Epimenides
1101 765 1284 837 Cretensis.

234 882 416 957 ,Mentitur
441 889 550 982 ipitar
559 917 574 973 ;
609 889 709 985 Ergo
734 889 799 961 Illi
824 899 904 960 snat
928 912 1066 960 veraces
1076 917 1091 973 ;
1126 889 1226 983 Ergo
1252 897 1285 957 et

238 1005 307 1077 Ille
323 1032 441 1080 ceram
458 1012 565 1096 dicta
592 996 692 1108 Ergo
708 1012 774 1086 Ita·
791 1014 912 1084 rn'rsas
928 1022 1007 1083 sant
1025 1012 1203 1084 mendaces
1221 1013 1283 1084 &a

241 1126 316 1202 Sed
332 1133 497 1228 profecto
515 1135 606 1208 nihil
623 1137 770 1210 stultius
789 1144 845 1209 est
862 1137 934 1208 hoc
953 1136 1198 1230 Argumenta
1216 1136 1284 1207 nisi

170 1322 173 1327 .
239 1276 312 1324 vox
345 1256 522 1329 Cretenses
547 1283 615 1331 eos
644 1260 691 1332 ad
721 1284 838 1333 unum
868 1283 997 1331 omnes
1024 1257 1217 1354 significet,
1247 1266 1285 1329 et

240 1377 369 1450 Omnis
385 1382 545 1455 mendax
565 1384 740 1480 quicquid
758 1384 846 1456 dicit
862 1382 1074 1455 mentiatur.

289 1503 442 1577 Videtur
471 1506 531 1579 hic
562 1506 740 1578 Menttens
770 1506 953 1604 peperisse
983 1504 1161 1577 subtilem.
1185 1506 1284 1577 illam

240 1625 551 1700 scholasticorum
568 1629 610 1699 de
626 1629 877 1701 Insolubitr'bns
895 1629 1111 1701 doctrinam.
1150 1628 1285 1700 “Nam

240 1750 363 1822 “talia
385 1761 602 1846 argumenta
620 1754 757 1849 (inquit
777 1752 920 1847 Occarn)
939 1777 1014 1825 non
1033 1761 1187 1849 possunt
1207 1753 1286 1825 fieri

240 1882 263 1912 “
276 1868 345 1945 nisi
363 1875 511 1968 quando
530 1884 635 1948 actus
657 1868 858 1948 humanus'
865 1876 1012 1974 respicit
1033 1877 1145 1949 istum
1163 1877 1287 1949 termi-

241 2006 264 2035 “
278 2021 367 2069 num
385 1996 541 2085 Falsum,
554 1999 613 2072 vel
630 2000 790 2096 aliquem
809 1999 1035 2072 consimilem
1053 2001 1284 2085 affirmative3

199 2200 201 2204 ,
242 2128 265 2159 “
278 2121 337 2194 vel
346 2121 449 2213 *hunc
461 2122 659 2195 terminum
674 2124 877 2210 Veramvel
888 2123 1049 2219 aliquem
1060 2123 1287 2199 consimilem

242 2253 266 2283 “
279 2246 448 2341 negative
456 2243 500 2317 ‘¹3’
552 2248 642 2319 Esse
668 2247 749 2319 haec
775 2246 999 2338 Soplcisrnata
1017 2256 1102 2319 ante
1120 2247 1285 2333 dixerat3

241 2392 310 2440 nec
345 2369 468 2442 vocari
501 2370 722 2456 insolubilia,
753 2368 880 2465 “quia
912 2370 1015 2442 nullo
1049 2370 1161 2442 modo
1197 2372 1288 2444 solvi

132 2549 136 2555 .
184 2590 186 2594 .
216 2478 219 2485 ’
243 2501 266 2530 “
278 2501 445 2589 possunt,
465 2494 529 2565 sed
548 2495 635 2590 quia
652 2518 736 2566 curn
755 2494 970 2566 difficultate
989 2495 1212 2569 solvuntur.”

293 2616 501 2689 Insolubilis
528 2618 737 2714 exemplum
765 2618 815 2689 sic
841 2619 1070 2715 proponitur.
1132 2619 1289 2715 incipiat

242 2739 411 2813 Socrates
438 2741 488 2812 sic
514 2741 627 2837 loqui,
654 2740 816 2812 Socrates
843 2741 929 2813 elicit
943 2741 1108 2835 salsam·
1134 2751 1172 2814 et
1198 2744 1288 2816 nihil

242 2864 395 2960 amplius
421 2865 618 2960 loquatur:
656 2872 736 2936 turn
766 2865 969 2961 interroget
994 2865 1135 2961 aliquis
1161 2874 1287 2938 utrum

242 3011 328 3059 vera
344 3012 392 3060 an
415 2988 506 3060 falsa
528 2990 574 3060 sit
597 2988 678 3059 haec
696 2988 909 3084 propositio,
963 2988 1200 3083 Respondeo,
1218 3013 1287 3061 nec

242 3088 365 3183 verani
391 3137 460 3184 nec
485 3112 615 3183 falsam
642 3134 732 3195 esse,
759 3109 824 3181 sed
855 3109 947 3181 nihil
978 3108 1193 3204 significare,
1219 3111 1288 3183 nisi

242 3234 378 3330 aliquid
396 3235 495 3307 aliud
518 3234 699 3330 respiciat,
717 3232 818 3328 quod
835 3256 856 3303 a
873 3232 1024 3304 Socrate
1043 3240 1128 3304 ante
1147 3234 1287 3306 dictum

242 3359 471 3455 supponitur.
523 3357 597 3437 Qui
615 3357 712 3429 enim
729 3356 868 3453 profert
885 3356 966 3428 haec
985 3357 1107 3443 verba,
1125 3357 1287 3429 Socrates

242 3480 328 3551 dicit
345 3479 497 3573 falsam,
518 3480 589 3552 fert
609 3481 789 3578 judicium
813 3480 858 3552 de
881 3480 979 3552 dicto
998 3480 1181 3565 Socratis3
1210 3480 1288 3575 qui-

126 3634 150 3697 χ
243 3629 314 3700 que
340 3603 410 3675 fert
430 3603 622 3699 judicium,
641 3603 845 3676 necessario
872 3605 1126 3700 praesupponit
1151 3603 1289 3698 aliquid

242 3727 380 3823 dequo
398 3727 562 3823 judicet:
589 3728 698 3800 Unde
717 3751 800 3799 cum
826 3727 1009 3799 sententia
1025 3735 1289 3824 praesupponat

243 3849 429 3946 objectum
455 3876 574 3937 suum,
596 3851 736 3923 clarum
762 3860 818 3923 est
843 3851 999 3923 eandem
1024 3876 1178 3924 numero
1204 3876 1289 3947 pro·

242 3973 475 4068 positionem,
503 3985 541 4045 et
571 3975 791 4046 sententiam
818 3983 856 4046 et
884 3973 962 4069 ejus
991 3974 1178 4070 objectum
1208 3998 1288 4045 esse

243 4120 317 4167 non
336 4119 454 4192 posse.
490 4096 613 4175 Quare
632 4105 669 4168 et
687 4096 904 4168 Scholarum
923 4097 1103 4170 subtilitas
1120 4097 1180 4168 hic
1198 4095 1289 4168 nihil

497 4293 508 4325 ⁶
531 4294 650 4360 Oocnnr,
667 4295 789 4369 Logiea,
806 4295 846 4350 iii.
864 4299 890 4351 3.
907 4314 969 4368 cap.
986 4299 1033 4351 45.

756 4423 781 4469 Κ
